2204 3437
374 174 558 212 LXXVIII
1078 177 1360 213 PRAEFATIO.

374 288 592 327 exaratum
627 300 717 327 esse
750 286 948 328 dixerunt
980 301 1073 328 cum
1101 288 1291 329 carmina
1311 287 1543 329 Hlothario
1564 287 1815 342 imperatori
1836 290 1877 330 et
1903 287 2068 331 Tadoni

372 355 758 398 Mediolanensium
792 356 991 411 episcopo
1024 358 1232 412 inscripta
1272 361 1363 399 tum
1405 357 1482 398 illa
1513 357 1794 413 neglexerunt
1835 374 1941 414 quae
1974 358 2068 401 Ser-

373 426 498 468 viano
541 427 593 468 ad
628 427 733 469 Aen.
766 426 785 466 Ῑ
818 427 872 468 39
918 425 975 482 (p.
1009 428 1082 481 ⁶28,
1119 429 1137 469 1
1169 427 1277 484 sqq.)
1321 428 1485 470 scholio
1530 428 1582 468 ab
1627 428 1774 470 eodem
1820 429 1892 482 qui
1933 428 2069 471 Servii

373 497 505 538 verba
539 498 710 551 scripsit
742 498 786 538 in
818 498 1012 552 margine
1046 498 1242 553 adposita
1268 501 1367 540 sunt
1392 502 1531 540 eontra
1554 499 1871 552 yoddiscalcum:
1906 500 2070 542 scilicet

375 567 723 610 Gotteschalcum
766 569 1039 623 monachum,
1084 570 1157 625 qui
1196 571 1335 612 medio
1368 570 1456 612 fere
1497 584 1611 611 nono
1655 570 1824 612 saeculo
1866 571 1917 612 de
1949 586 2069 625 prae-

375 638 663 680 destinatione
697 642 739 680 et
770 639 907 682 libero
935 640 1112 682 arbitrio
1134 641 1187 682 ab
1222 641 1424 683 ecclesiae
1451 640 1645 682 doctrina
1671 640 1950 682 abhorrentia
1974 657 2070 696 pro-

374 709 491 763 tulit,
523 710 793 764 grammatici
827 712 1041 753 sententia
1079 712 1219 753 refelli
1251 727 1377 766 posse
1416 712 1584 766 putavit
1623 711 1836 753 librarius.
1892 711 1962 753 hic
1993 712 2070 767 igi-

373 782 443 820 tur
475 780 604 822 codex
638 781 708 822 fol.
743 782 916 824 2—138
951 781 1086 824 Servii
1126 783 1170 823 in
1201 783 1413 836 bucolica,
1452 782 1672 837 georgica,
1703 781 1904 824 Aeneidis
1937 784 2069 825 libros

374 865 446 891 sex
472 851 637 906 priores
671 854 712 892 et
745 853 917 906 septimi
942 869 978 894 v.
1010 854 1150 894 1—16
1179 852 1370 909 (yeme'tus
1400 854 1645 894 irascentmn
1673 853 1832 894 leonum
1862 868 1955 895 sera
1997 855 2069 896 sub

374 925 485 962 noete
524 923 644 975 qetczsc'
681 921 741 978 eo)
779 924 1108 966 commentarios
1151 924 1340 978 exhibet,
1383 924 1537 978 quibus
1579 923 1684 965 haec
1724 924 1932 979 inscripta
1973 927 2072 966 sunt

375 993 531 1046 Incipit
559 995 752 1047 expositio
784 994 917 1048 Seryz'i
944 996 1206 1048 mammatae
1244 997 1287 1036 in
1321 995 1517 1037 boeolicon
1549 998 1586 1036 et
1618 996 1660 1036 ἱη
1707 995 1829 1036 libros
1861 996 2070 1049 yeOJyz'eon

376 1066 493 1116 atque
536 1065 769 1106 aeweademe.
834 1079 1093 1120 quamquam
1137 1066 1244 1107 liber
1289 1069 1331 1107 et
1375 1066 1655 1120 neglegenter
1698 1066 1881 1120 scriptus
1924 1069 1989 1107 est
2030 1068 2071 1107 et

378 1133 514 1175 Servii
557 1135 719 1176 scholia
760 1135 882 1177 valde
928 1137 1149 1178 decurtata
1188 1137 1383 1191 praebet,
1425 1139 1587 1190 tamen,
1627 1151 1680 1177 ne
1722 1136 2070 1191 antiquissimum

377 1206 532 1247 testem
564 1207 804 1262 neglexisse
846 1220 1048 1261 arguerer
1087 1210 1130 1248 et
1168 1210 1216 1248 ut
1257 1207 1498 1261 exemplum
1538 1206 1734 1247 Serviani
1775 1208 2071 1249 commentarii

376 1276 421 1316 in
454 1277 626 1319 brevius
660 1278 869 1319 contracti
907 1277 1199 1332 exhiberetur,
1238 1278 1289 1318 ad
1320 1278 1507 1331 primum
1541 1277 1742 1318 Aeneidis
1782 1277 1941 1319 librum
1981 1278 2070 1320 eius

376 1347 628 1388 testimonia
661 1348 878 1401 adscripsi.

496 1418 561 1458 Ad
594 1417 826 1459 Beruensis
859 1418 1042 1459 aetatem
1080 1419 1272 1472 proxime
1312 1418 1475 1459 accedit
1508 1416 1941 1460 Caroliruhensis
1977 1420 2071 1474 186,

379 1489 449 1542 qui
484 1489 574 1543 ipse
610 1504 774 1542 quoque
808 1489 851 1529 in
886 1489 1145 1530 membranis
1173 1490 1337 1531 formae
1358 1488 1589 1543 quadratae
1611 1503 1722 1530 nono
1744 1489 1914 1532 saeculo
1942 1490 2072 1545 scrip-

377 1562 445 1599 tus
488 1562 564 1600 est.
627 1559 1004 1601 Reiclienaviensis
1047 1560 1298 1601 monasterii
1343 1575 1437 1601 eum
1483 1560 1586 1601 olim
1629 1560 1760 1601 fuisse
1802 1560 1966 1602 duabus
2009 1561 2071 1602 in-

379 1629 684 1683 scriptionibus
716 1630 942 1684 probatur,
982 1646 1090 1685 quae
1122 1631 1167 1671 in
1198 1632 1362 1685 primae
1393 1631 1576 1685 paginae
1615 1630 1810 1685 margine
1849 1631 2069 1673 inveniun-

377 1702 464 1740 tur:
499 1700 650 1754 altera,
685 1700 788 1741 satis
811 1701 1006 1755 antiqua,
1038 1701 1142 1742 haec
1166 1704 1231 1742 est
1257 1701 1356 1742 liber
1379 1702 1498 1754 anglie
1523 1701 1705 1755 maioris,
1739 1702 1897 1756 altera,
1929 1717 2070 1744 recen-

378 1770 462 1811 tior
495 1771 649 1821 multo,
683 1770 787 1812 haec
820 1771 1071 1813 Bsomtsteriz'
1102 1772 1263 1825 Auyiae
1294 1771 1461 1813 Divitis.
1518 1771 1651 1812 habet
1684 1772 1813 1813 codex
1848 1773 2072 1827 sexaginta

379 1844 580 1894 quattuor
613 1841 734 1895 folia,
767 1856 787 1883 e
821 1843 975 1896 quibus
1000 1844 1137 1884 1—41
1162 1843 1214 1884 ad
1241 1843 1443 1898 georgica
1468 1842 1700 1896 pertinent,
1732 1856 1839 1896 quae
1871 1843 1951 1885 hoc
1977 1843 2071 1885 loco

378 1926 463 1952 non
497 1925 613 1952 curo:
647 1911 822 1965 reliquis
855 1912 899 1952 in
931 1911 1038 1953 Aen.
1066 1912 1083 1952 Ι
1110 1913 1138 1953 4
1165 1911 1290 1966 ‹scen-ca
1323 1914 1504 1954 troianos
1528 1913 1744 1954 nescientes
1775 1914 1882 1965 quod
1909 1928 2073 1956 saevam

378 1981 559 2022 dicebant
588 1982 749 2035 veteres)
781 1997 914 2036 usque
948 1983 998 2024 ad
1032 1998 1068 2024 v.
1101 1983 1185 2024 338
1210 1983 1270 2038 (1ιὶ
1300 1985 1371 2036 qni
1402 1984 1448 2024 de
1484 1983 1660 2024 chalcide
1689 1988 1882 2025 veneo-ant
1911 1986 2074 2026 ciuitate

378 2051 549 2107 euboico.)
595 2053 926 2094 commentarius
972 2054 1236 2107 continetur,
1286 2055 1338 2095 ab
1387 2068 1469 2095 uno
1523 2054 1697 2094 homine
1742 2055 1944 2109 scriptus,
1988 2056 2072 2097 nisi

379 2122 491 2176 quod
538 2123 837 2176 septemdecim
870 2124 1055 2178 paginae
1089 2124 1143 2165 83
1192 2138 1339 2164 versus
1383 2124 1435 2164 ab
1476 2124 1709 2166 exercitato
1754 2125 1930 2167 librario
1976 2141 2071 2167 exa-

379 2193 463 2233 rati
498 2197 619 2246 sunt,
652 2193 835 2235 fortasse
873 2199 920 2234 ut
951 2195 988 2235 is
1030 2195 1095 2235 cui
1134 2189 1613 2249 reliqua'describenda
1652 2198 1793 2236 essent
1832 2197 2070 2251 exemplum

379 2264 557 2305 haberet
599 2265 708 2318 quod
750 2265 1003 2306 imitaretur.
1070 2265 1240 2319 singula
1279 2265 1441 2306 scholia
1482 2299 1489 2306 .
1523 2298 1555 2319 .,.
1588 2282 1596 2319 ,
1636 2266 1768 2320 signis
1808 2267 2071 2321 interpositis

380 2335 491 2375 inter
526 2350 568 2376 se
601 2335 805 2376 distincta
839 2339 948 2376 sunt.
1007 2336 1192 2377 correxit
1219 2336 1405 2378 codicem
1432 2336 1561 2377 homo
1590 2336 1766 2378 librario
1800 2337 1887 2378 fere
1921 2353 2071 2392 aequa·

381 2406 449 2446 lis:
497 2421 594 2446 nam
639 2406 723 2446 nisi
766 2407 912 2459 paucis
957 2407 1062 2448 locis
1104 2422 1192 2464 non
1238 2407 1325 2447 vidi
1370 2422 1393 2447 a
1438 2408 1673 2448 recentiore
1718 2422 1847 2449 manu
1884 2408 2071 2462 priorem

381 2476 637 2530 scripturam
679 2476 947 2518 emendatam
988 2492 1091 2518 esse.
1154 2492 1411 2532 quamquam
1455 2478 1658 2519 librarius
1698 2478 1839 2519 officio
1873 2493 1948 2519 suo
1986 2493 2072 2520 non

381 2549 446 2587 cst-
467 2547 697 2602 diligenter
723 2547 895 2588 functus
918 2550 959 2587 et
980 2549 1118 2589 multa
1139 2549 1337 2589 mendose
1365 2549 1549 2602 scripsit,
1571 2549 1717 2603 magni
1743 2551 1890 2590 tamen
1917 2552 1982 2590 est
2001 2549 2085 2590 hie

380 2617 492 2658 liber
513 2618 823 2670 aestimandus,
858 2618 1011 2671 quippe
1039 2619 1156 2659 cuius
1179 2620 1394 2672 exemplar
1428 2620 1463 2660 ei
1495 2619 1604 2660 libro
1639 2620 1907 2660 simillimum
1939 2620 2071 2660 fuisse

381 2688 574 2729 videatur
614 2703 633 2729 e
674 2703 756 2743 quo
790 2687 995 2741 plenioris
1035 2689 1329 2729 commentarii
1370 2692 1517 2731 auctor
1556 2689 1760 2731 Serviana
1800 2690 1964 2744 petivit.
2021 2689 2072 2730 cf.

382 2759 524 2800 adnot.
558 2759 649 2800 crit..
684 2760 735 2800 ad
768 2772 865 2813 pag.
903 2759 971 2812 19,
1008 2760 1077 2812 173
1119 2760 1191 2812 20,
1225 2761 1269 2814 2,
1310 2761 1386 2813 21,
1418 2762 1463 2813 -1,
1504 2762 1578 2813 23,
1617 2762 1683 2814 11,
1725 2761 1800 2813 2-1,
1836 2762 1876 2813 1,
1916 2761 1993 2813 26,
2024 2760 2071 2813 43

381 2830 449 2883 29,
482 2831 525 2883 33
559 2831 626 2882 63,
664 2831 736 2882 1-1,
771 2830 838 2882 159,
860 2830 897 2870 6.
949 2833 1135 2869 ceterum
1162 2830 1264 2870 folia
1293 2844 1377 2870 non
1411 2831 1531 2871 nulla
1557 2845 1703 2871 umore
1737 2833 1935 2883 corrupta
1962 2834 2072 2884 sunt,

383 2904 429 2940 ut
462 2914 570 2954 quae
603 2900 647 2940 in
679 2899 952 2940 inferioribus
991 2899 1187 2952 partibus
1221 2900 1380 2954 scripta
1412 2904 1533 2941 erant
1564 2901 1722 2954 partim
1756 2900 2018 2941 evanuerint.

667 3009 809 3054 Collige
837 3008 1088 3054 Scottigenas,
1116 3010 1344 3053 speculator,
1372 3010 1505 3055 collige
1533 3011 1685 3055 sophos,

665 3063 716 3097 Te
743 3063 845 3106 legat
871 3061 1130 3106 Omnipotens:
1157 3061 1293 3107 collige
1320 3062 1565 3107 Scottigenas

382 3115 460 3160 ipse
488 3116 532 3149 de
558 3115 627 3149 hoc
654 3115 748 3149 libro
778 3116 961 3160 copiosius
989 3114 1065 3148 dixi
1091 3114 1127 3148 in
1154 3117 1424 3159 programmate
1452 3114 1725 3160 Numburgensi
1753 3115 1839 3149 anni
1869 3120 1968 3150 1866.
