2204 3437
564 198 713 234 COMM.
740 199 791 234 IN
817 199 958 235 VERG.
984 199 1095 234 AEN.
1122 200 1183 235 III.
1211 205 1406 237 403—411.
1738 204 1824 244 415

250 306 348 348 405.
398 318 641 349 PVRPVREO
674 319 857 348 VELARE
886 318 1036 349 COMAS
1071 307 1273 348 subaudis
1296 307 1437 349 ‘cura’
1459 311 1533 348 aut
1554 308 1824 351 ‘memento’1

131 378 205 417 aut
237 378 361 430 certe,
395 377 505 431 quod
539 380 603 418 est
632 378 797 431 melius,
831 376 1015 418 ‘velare'
1042 377 1321 431 imperativus
1355 377 1423 431 sit,
1455 393 1540 418 non
1573 378 1823 421 infinitivus.

247 447 345 488 406.
394 464 546 489 HONORE
574 449 785 501 Sacrificio.
906 465 1080 489 JIOSTILJS
1103 464 1239 489 mollis
1265 465 1458 490 OCCVRRAT
1480 449 1647 501 Quidam.
1676 449 1717 492 U
1716 451 1825 492 l'e'xen

131 518 286 570 dicunt,
317 518 394 559 alic·
423 517 659 560 Diomeden.

247 588 344 629 407.
395 600 453 628 ΕΤ
494 599 640 629 ΟΜΙΝΑ
681 601 862 630 'rVRBET
902 589 1101 630 sacrificii
1141 589 1333 630 ordinem
1370 593 1560 644 rumpat,
1605 591 1715 645 quod
1759 594 1824 633 est

127 658 352 712 piaculum.
415 659 632 712 siguificat
671 663 815 702 autem
853 663 899 701 w}
929 659 998 713 <11
1035 661 1143 714 166>
1176 661 1327 701 dietum
1365 665 1423 702 est
1453 660 1706 716 Diomeden,
1752 663 1820 717 qui

128 743 224 770 cum
257 729 404 770 multis
438 728 607 770 casibus
641 730 934 785 adfligeretur,
968 729 1228 784 Palladium,
1261 731 1371 784 quod
1405 732 1516 785 apud
1548 733 1687 786 ipsum
1721 737 1823 788 erat,

129 798 324 840 Troianis
359 799 529 841 oraculo
562 799 702 841 iussus
736 803 800 842 est
832 801 1019 842 reddere.
1081 801 1193 855 quod
1227 815 1321 842 cum
1356 801 1487 842 vellet
1519 802 1708 856 implere,
1741 806 1821 845 Ae-

127 884 253 911 neam
280 870 442 911 invenit
469 870 799 912 sacrificantem:
833 871 917 925 qui,
950 874 997 912 ut
1023 887 1151 926 supra
1178 871 1372 925 diximus,
1406 871 1603 913 sacrificii
1630 874 1823 915 ordinem

125 955 213 982 non
250 941 384 996 rupit,
428 944 470 981 et
506 940 746 982 Palladium
783 940 949 982 Nautes
996 942 1178 995 accepit:
1222 941 1331 982 uude
1368 941 1611 983 Nautarum
1655 943 1821 985 familia

125 1010 345 1053 Minervae
378 1026 498 1053 sacra
529 1012 740 1052 servabat.
802 1026 902 1052 sane
937 1012 1152 1053 sciendum
1185 1012 1475 1053 sacrificantes
1508 1013 1587 1053 diis
1622 1015 1819 1055 omnibus

126 1085 254 1136 caput
286 1082 424 1123 velare
458 1085 682 1123 consuetos
716 1082 770 1122 ob
804 1082 897 1136 hoc,
928 1097 979 1123 ne
1014 1097 1057 1123 se
1090 1083 1200 1123 inter
1227 1082 1480 1137 religionem
1508 1083 1670 1137 aliquid
1698 1086 1819 1140 vagis

126 1152 298 1194 offerret
323 1153 558 1206 obtutibus,
591 1155 766 1206 excepto
794 1155 963 1194 tantum
992 1152 1187 1206 Saturno,
1220 1168 1272 1194 ne
1298 1153 1483 1194 numinis
1510 1154 1698 1196 imitatio
1727 1171 1818 1197 esse

125 1223 350 1265 videretur.
395 1227 431 1265 et
460 1224 634 1265 Herculi
664 1224 710 1264 m
742 1224 884 1276 templo
915 1238 999 1275 suo,
1031 1225 1130 1277 quia
1160 1228 1197 1265 et
1230 1225 1311 1277 ipse
1342 1225 1471 1277 eapite
1503 1229 1634 1277 operto
1661 1230 1727 1280 est,
1760 1228 1819 1268 vel

123 1294 221 1346 quia
251 1294 345 1335 haec
376 1308 473 1335 arae
503 1298 596 1336 ante
626 1296 841 1336 adventum
866 1295 1027 1336 Aeneae
1057 1309 1084 1336 a
1116 1295 1222 1336 Iano
1253 1295 1312 1336 vel
1341 1296 1538 1337 Evandro
1570 1302 1819 1340 comem-atae

123 1364 215 1405 sint.
276 1378 373 1406 sane
409 1366 575 1418 qctislam
607 1366 747 1407 dicetne}
782 1366 969 1417 absurde,
1013 1367 1063 1407 ab
1094 1366 1250 1407 Heleno
1282 1366 1506 1407 Diomeden
1537 1380 1795 1420 suppressam
1805 1383 1818 1420 ;

122 1435 192 1475 sed
221 1435 528 1487 ‘intelleyemlum
560 1439 616 1476 est
645 1437 692 1476 de
723 1437 929 1477 'industria
950 1436 1126 1490 filetum,
1161 1450 1211 1477 ne
1242 1439 1370 1477 terror
1401 1438 1616 1479 iaferfe‘ceretm·
1646 1439 1819 1481 Aeneae.

239 1505 336 1546 409.
387 1516 478 1546 HAG
513 1517 643 1547 CASTI
675 1506 752 1560 pii,
792 1509 839 1548 ut
872 1505 963 1560 <VI
997 1507 1110 1561 563>
1142 1507 1276 1548 nulli
1308 1507 1384 1548 fas
1418 1512 1560 1549 casto
1596 1510 1819 1551 scelera-

121 1579 225 1616 tum
257 1575 504 1617 insistere
537 1576 701 1618 limen.
822 1594 867 1619 IN
893 1594 1106 1619 RELIGIONE
1135 1578 1180 1619 m
1211 1578 1479 1620 observatione
1505 1584 1710 1632 perpetim.

121 1663 289 1688 NEPOTES
318 1647 558 1699 appellando
590 1646 787 1700 ‘nepotes'
816 1648 971 1700 mustus
1000 1647 1166 1699 festinae
1197 1650 1447 1701 cofflzatc'om's
1478 1652 1657 1692 ostendit.

239 1717 336 1758 410.
385 1735 459 1759 ΛΒΤ
492 1735 555 1759 VBI
574 1732 654 1771 pro
679 1722 916 1772 postqctam;
949 1721 986 1759 et
1015 1722 1072 1760 est
1102 1720 1291 1772 temporis
1321 1721 1565 1762 adverbum.
1748 1736 1815 1765 DI-

122 1798 332 1829 GRESSVM
364 1803 388 1829 a
420 1789 546 1830 litore
579 1788 816 1831 Calabriae.

239 1859 336 1899 411.
392 1870 592 1901 ANGVSTI
624 1864 890 1902 R'ARESCENT
925 1872 1164 1902 CLAVSTRA
1196 1872 1368 1902 PELORI
1409 1862 1495 1903 ideo
1534 1863 1633 1916 quia
1665 1879 1689 1904 a
1721 1879 1816 1905 con-

120 1928 293 1983 tinenti,
336 1929 381 1970 id
413 1933 477 1971 est
515 1946 540 1972 a
573 1931 773 1972 columna
806 1946 938 1986 usque
980 1931 1032 1972 ad
1063 1931 1234 1972 Pharon
1275 1932 1412 1972 tribus
1455 1933 1628 1974 milibus
1674 1934 1816 1977 distat.

121 1997 381 2041 ‘rarescent'
415 2004 558 2042 autem
590 2002 703 2056 ideo,
737 2002 837 2056 quia
870 2002 1142 2043 venientibus
1176 2003 1226 2043 de
1257 2002 1378 2044 Ionio
1410 2006 1587 2057 propter
1619 2009 1814 2047 curvatu-

120 2084 212 2110 ram
244 2070 420 2111 litorum
453 2071 622 2113 clausae
655 2072 854 2114 videntur
887 2073 1123 2127 angustiae,
1156 2087 1264 2127 quae
1289 2074 1500 2127 paulatim
1527 2076 1816 2131 propinquan-

120 2140 236 2181 tibus
270 2142 425 2195 aperiri
458 2142 666 2184 videntur.
768 2155 939 2185 PELORI
970 2144 1338 2197 promunctorium
1372 2143 1541 2186 Siciliae
1575 2148 1640 2187 est
1672 2162 1817 2188 secun-

120 2211 219 2252 dum
253 2210 518 2267 Sallustium,
550 2213 710 2254 dictum
743 2229 766 2254 a
798 2214 1084 2267 gubernatore
1116 2213 1373 2255 Hannibalis
1406 2215 1496 2256 illic
1529 2217 1709 2272 sepulto,
1743 2219 1815 2272 qui

120 2281 260 2323 fuerat
291 2283 451 2324 occisus
484 2298 559 2337 per
590 2285 702 2338 regis
735 2284 1043 2339 ignorantiam,
1083 2299 1177 2326 cum
1218 2300 1261 2326 se
1302 2285 1391 2326 eius
1425 2286 1523 2327 dolo
1548 2292 1715 2340 propter
1745 2304 1817 2330 αη-

219 2414 238 2444 6
265 2410 469 2445 Diomeden
496 2422 525 2446 6.
554 2423 588 2455 q.
614 2413 656 2456 s.]
694 2423 805 2446 exscr.
833 2413 1016 2456 mythogr.
1044 2413 1059 2445 l
1088 2417 1152 2446 142
1190 2414 1201 2456 ΙΙ
1240 2417 1282 2446 14
1309 2414 1346 2447 et
1371 2414 1521 2447 Herculi
1547 2442 1553 2448 .
1583 2441 1589 2447 .
1619 2443 1625 2449 .
1653 2415 1741 2461 siut]
1769 2415 1814 2451 cf.

121 2457 282 2491 Macrob.
311 2458 384 2492 Sat.
412 2458 461 2492 ΙΠ
488 2462 520 2501 6,
550 2461 684 2503 171127
707 2459 879 2493 Pelorum
906 2459 1198 2503 promontorium
1226 2488 1233 2495 .
1257 2488 1263 2494 .
1286 2489 1292 2495 .
1321 2460 1482 2506 sepulto]
1511 2472 1623 2497 exscr.
1652 2463 1735 2496 Isid.
1763 2474 1813 2498 or.

121 2504 205 2538 XlV
234 2509 264 2547 7,
291 2505 342 2548 411
362 2505 561 2539 secundum
589 2506 821 2551 Sallustium]
850 2506 934 2540 hist.
962 2507 1011 2540 lV
1038 2511 1080 2541 39
1103 2507 1163 2542 Kr.

214 2625 234 2655 2
260 2621 424 2656 infinitus
450 2622 535 2656 LH
562 2623 573 2667 ΙΙ
606 2628 624 2658 6
652 2624 692 2657 ut
724 2624 864 2658 dictum
897 2625 953 2658 est
977 2625 1056 2659 hab.
1086 2624 1116 2658 C
1143 2626 1155 2669 11
1188 2629 1205 2659 7
1233 2624 1434 2660 iactaretur
1462 2627 1510 2660 M
1533 2628 1564 2671 (t
1589 2626 1815 2671 affligeretur

119 2679 294 2712 superscr.
321 2670 368 2714 m)
389 2671 439 2714 119
467 2670 528 2713 qui
556 2672 596 2704 ut
621 2682 732 2715 supra
758 2671 916 2705 diximus
942 2683 986 2706 ne
1012 2671 1178 2706 sacrificii
1207 2672 1372 2707 ordinem
1397 2676 1584 2718 rumperet
1610 2674 1813 2718 palladium

120 2717 250 2750 nautes
277 2717 422 2760 accepit
449 2717 559 2751 MEZ
577 2718 589 2762 11
611 2722 652 2751 10
678 2720 875 2753 nautarum
904 2718 1002 2753 OM:
1028 2721 1225 2753 nauturum
1254 2719 1293 2753 F
1327 2722 1521 2754 nautarum
1549 2732 1591 2755 cv
1617 2723 1813 2755 nautorum

120 2762 153 2795 L
190 2764 387 2797 nautorum
413 2764 505 2797 HE
539 2766 550 2807 ΙΙ
589 2769 631 2798 12
665 2766 788 2808 capita
813 2766 888 2800 FO
921 2767 933 2810 11
972 2770 1014 2800 14
1040 2766 1244 2812 videretur]
1278 2768 1341 2810 qui
1367 2769 1516 2802 saturno
1544 2767 1665 2802 uelato
1692 2768 1812 2812 capito

118 2809 328 2844 incenditur
359 2811 441 2845 add.
476 2811 523 2846 I).
561 2812 645 2846 iude
679 2812 766 2855 quia
793 2840 799 2846 .
828 2841 836 2848 .
865 2841 870 2847 .
898 2812 1107 2847 incenditur
1138 2813 1346 2848 Fabricius.
1398 2815 1484 2858 quia
1517 2816 1695 2849 Saturnus
1723 2827 1753 2849 v.
1783 2826 1811 2850 c.

119 2855 171 2890 ibi
196 2857 358 2891 cernitur
381 2858 487 2901 wclyo
506 2859 517 2902 11
539 2862 580 2892 15
607 2859 694 2893 Iano
721 2860 870 2903 scripsi:
895 2859 981 2894 iuno
1010 2860 1049 2893 F
1082 2860 1220 2895 Iunone
1246 2861 1383 2895 Daniel
1400 2863 1412 2904 11
1435 2867 1475 2896 16
1503 2874 1710 2905 supi-oswin
1739 2861 1778 2895 F
1802 2863 1812 2907 j]

121 2907 163 2937 21
192 2904 423 2950 aduerbium]
457 2904 529 2939 loci
555 2905 772 2940 aduerbium
798 2907 880 2940 add.
908 2906 955 2940 κ’.
1005 2908 1157 2949 fortasse
1183 2910 1220 2941 et
1246 2909 1300 2941 est
1325 2909 1500 2952 temporis
1527 2911 1563 2942 ct
1589 2908 1661 2942 loci
1687 2909 1812 2943 adver-

119 2949 232 2985 bium.
272 2952 316 2993 εἴ.
344 2951 442 2986 Serv.
470 2953 518 2986 ad
543 2953 632 2986 Aen.
661 2953 675 2985 l
703 2957 780 2987 714.
826 2953 916 2987 alibi
941 2953 1013 2988 loci
1040 2954 1121 2990 adv.
1150 2954 1195 2988 F.
1224 2954 1449 2998 Scleoellcssusss
1470 2960 1511 2989 23
1540 2955 1623 2989 ideo
1650 2956 1730 2991 hab.
1760 2956 1810 3002 011

121 3001 165 3030 24
191 2997 338 3032 Pharon
364 2998 497 3044 tribus]
525 2998 707 3033 frontibus
734 3000 775 3033 H
791 3000 865 3044 1125
893 3000 937 3034 (16
964 3001 1126 3035 calabria
1151 3001 1237 3034 ME
1260 3003 1290 3044 (1
1315 3002 1359 3035 de
1386 3001 1483 3036 ionio
1509 3013 1683 3045 superscr.
1711 3006 1781 3048 me)
1801 2986 1812 3049 11

122 3043 166 3077 de
191 3045 308 3090 Ionio]
337 3045 383 3079 ad
409 3045 617 3080 Calabriam
644 3047 727 3080 calcz.
754 3047 792 3080 D
822 3048 834 3091 11
866 3052 909 3082 26
936 3048 1129 3091 angustiae
1159 3075 1165 3081 .
1194 3075 1200 3081 .
1228 3076 1233 3082 .
1263 3048 1433 3082 videntur
1464 3060 1528 3083 om.
1556 3049 1606 3091 L,
1632 3050 1672 3083 in
1697 3061 1808 3095 marg).

122 3092 239 3134 suppl.
267 3093 307 3136 111
327 3092 435 3138 quae]
464 3092 551 3136 quia
578 3093 668 3127 Mle
686 3094 698 3137 ΙΙ
718 3097 760 3128 27
788 3094 922 3138 operiri
948 3095 989 3139 ἶ11
1009 3094 1339 3140 promunctorium]
1367 3096 1411 3138 cf.
1439 3097 1559 3130 adnot.
1588 3098 1635 3131 acl
1663 3109 1690 3132 c.
1719 3100 1811 3143 3992*¹

121 3140 164 3171 29
190 3139 340 3182 propter
366 3140 555 3184 angustias
581 3139 666 3174 freti
691 3141 771 3176 hab.
799 3141 829 3176 G

1851 602 1869 632 5

1850 954 1893 984 10
