2204 3437
558 214 707 251 COMM.
734 216 786 249 IN
811 215 952 251 VERG.
979 215 1089 249 AEN.
1116 216 1176 249 ΠΙ.
1204 220 1401 250 334—345.
1735 218 1820 258 403

128 321 246 362 tione
279 321 440 363 dictum
474 325 548 364 est.
654 335 733 372 QVI
766 336 906 365 VENTI
937 323 977 364 id
1013 326 1077 364 est
1109 326 1199 365 tam
1230 325 1437 378 prosperi.
1540 336 1662 373 QVAE
1697 336 1818 366 FATA

127 394 217 432 tam
247 391 372 433 nobis
405 392 555 434 felicia.

248 462 344 503 338.
395 474 496 512 QVIS
530 464 678 505 DEVS‘?
724 465 795 518 qui
826 464 1062 518 praestitit⁷
1107 467 1154 505 ut
1188 467 1231 505 te
1263 465 1404 505 videre
1437 480 1672 518 possemus.
1733 466 1818 505 tale

130 534 195 573 est
233 534 275 573 et
312 533 420 574 illud
452 533 622 575 Aeneae
650 534 714 574 *ad
747 533 958 575 Didonem
997 534 1281 575 adulatorium
1315 536 1457 588 <715>
1490 535 1607 576 hinc
1640 550 1712 576 me
1747 536 1819 576 di-

127 617 360 657 gressum
401 605 592 645 vestris
636 604 753 645 deus
797 604 999 658 appulit
1041 604 1156 645 oris,
1288 616 1499 647 IGNARVM
1532 606 1645 647 aliud
1679 606 1817 660 dispo·
1847 616 1866 646 5

130 676 315 715 nentem.

246 745 343 786 339.
392 762 493 787 PVER
520 762 710 787 ASGANIVS
739 747 864 799 filins,
895 747 993 798 quia
1027 745 1176 787 Gracci
1207 747 1366 795 παῖδας
1392 748 1513 787 ctiam
1539 748 1645 800 filios
1670 749 1820 789 (Ze'cum‘.

244 826 517 856 SVPERATNE
552 816 677 857 vivit*
733 832 834 858 sane
870 831 979 858 nove
1012 816 1175 858 dictum
1210 820 1274 858 est
1306 820 1349 858 et
1381 820 1495 858 caret
1528 819 1743 872 exemplo,
1775 822 1822 860 ut

124 900 261 939 pauca
297 885 342 926 in
372 885 579 940 Vergilio.
643 887 717 928 alii
755 887 902 928 dicunt
940 887 1143 941 ‘superat'
1184 890 1401 942 superstes
1435 890 1518 929 est:
1559 889 1630 929 sed
1663 889 1821 943 ‘super-

127 955 235 997 stes'
267 959 537 1010 praesentem
570 957 803 1012 significat,
840 961 888 999 ut
921 957 1070 1000 Cicero
1102 959 1145 999 in
1177 957 1427 999 Mureniana
1460 959 1571 1013 <XII
1604 960 1679 1014 26)
1713 961 1817 1001 suis
1849 970 1890 999 10

125 1027 361 1081 utrisque
395 1028 790 1083 superstitibus,
823 1029 867 1069 id
900 1031 964 1070 est
994 1029 1307 1083 praesentibus.

241 1110 338 1151 340.
389 1123 517 1160 QVEM
549 1123 641 1152 TIBI
673 1123 757 1152 IAM
789 1123 930 1153 TRolA
961 1112 1282 1153 hemistichium
1308 1127 1385 1154 nec
1411 1113 1456 1153 in
1484 1128 1609 1155 sensu
1634 1114 1821 1168 plenum.

124 1183 223 1221 sunt
255 1184 399 1222 autem
433 1181 514 1222 duo
547 1182 667 1234 talia,
698 1182 779 1223 hoc
812 1185 854 1223 et
886 1182 1021 1235 <VIII
1047 1184 1131 1236 41>
1165 1197 1467 1224 concessere
1500 1183 1662 1225 deum:
1695 1199 1819 1238 quem

124 1250 297 1304 quidam
329 1251 390 1292 ita
422 1251 638 1305 conplevit
669 1267 968 1293 concessere
1002 1253 1146 1294 deum
1182 1254 1418 1307 profugis
1455 1269 1586 1295 nova
1620 1256 1821 1297 moenia

124 1319 351 1362 Teucris.
1850 1337 1889 1365 15

241 1404 337 1445 341.
389 1416 582 1447 AMISSAE
629 1418 748 1447 CVRA
792 1418 1018 1448 PARENTIS
1064 1407 1100 1448 si
1146 1406 1379 1460 ‘parentis'
1419 1406 1602 1449 Creusae
1648 1409 1820 1463 accipis7

122 1475 308 1516 occurrit
339 1476 453 1529 illud,
486 1478 597 1518 unde
625 1477 788 1518 sciebat
816 1492 909 1519 eam
935 1478 1128 1532 perisse?
1161 1482 1204 1519 et
1238 1479 1312 1519 alii
1345 1478 1490 1519 dicunt
1522 1479 1712 1532 potuisse
1739 1480 1819 1521 hoc

120 1545 189 1586 vel
227 1544 392 1586 Heleno
432 1545 651 1587 divinante
691 1548 910 1601 cognosci,
948 1549 1014 1589 vel
1054 1548 1201 1589 Aenea
1237 1549 1481 1602 requirente
1521 1565 1594 1604 per
1633 1550 1819 1604 Troiam,

120 1618 169 1656 ut
201 1614 272 1669 <II
307 1615 417 1669 769>
449 1616 661 1669 implevi
700 1617 925 1659 clamore
965 1619 1094 1660 vias:
1133 1620 1207 1660 sed
1239 1623 1465 1674 utrumque
1498 1621 1659 1662 viribus
1693 1625 1818 1663 caret.

120 1690 344 1740 parentem
371 1701 472 1741 ergo
498 1688 685 1741 patriam
712 1689 990 1755 accipiamus,
1016 1693 1064 1731 ut
1091 1690 1258 1731 Tullius
1286 1691 1326 1732 si
1351 1691 1450 1732 tibi
1476 1692 1663 1745 patria,
1692 1707 1817 1746 quae
1845 1701 1888 1731 20

121 1758 400 1798 communis
434 1758 655 1799 omnium
686 1775 869 1813 parens
903 1764 997 1814 est,
1037 1763 1080 1801 et
1112 1764 1178 1801 est
1211 1775 1358 1802 sensus
1393 1761 1576 1803 ‘doletne
1607 1763 1819 1816 perditam

126 1827 368 1882 patriam'?

239 1899 336 1941 342.
386 1911 651 1950 ANIMOSQVE
685 1913 866 1943 VIRILES
905 1903 1027 1957 atqui
1060 1918 1188 1957 supra
1221 1904 1386 1945 dixerat
1419 1903 1570 1958 epuer':
1610 1905 1683 1945 sed
1717 1905 1818 1946 ‘ani-

122 1984 213 2011 mos
246 1969 406 2011 viriles’
440 1971 500 2012 ait
531 1975 755 2025 parentum
790 1974 1142 2015 consideratione.
1193 1974 1288 2015 inde
1322 1979 1363 2016 et
1389 1976 1433 2016 in
1457 1990 1570 2016 nono
1598 1976 1739 2028 <309>
1768 1977 1817 2016 de

119 2040 214 2094 ipso
249 2043 362 2082 ante
396 2056 552 2083 annos
586 2043 909 2098 animumque
942 2057 1124 2098 gerens
1159 2059 1433 2099 curamque·
1463 2046 1680 2088 virilem.
1843 2056 1887 2085 ‘25

239 2123 337 2164 343.
389 2141 624 2166 Armeni-s
652 2125 821 2177 quidam
853 2124 1107 2167 ‘avunculus'
1140 2126 1349 2168 humiliter
1379 2128 1424 2168 in
1454 2128 1606 2170 heroico
1638 2131 1818 2171 cat-»eme

120 2194 271 2234 dictum
301 2194 519 2247 accipiunt.

238 2264 337 2305 345.
386 2282 582 2307 zivcassms
607 2283 755 2307 FLETrs
783 2269 821 2307 et
861 2265 1038 2320 ‘lonsyos’
1081 2271 1117 2308 et
1148 2266 1398 2327 ‘incassum-⁹
1432 2270 1525 2311 benc
1555 2271 1730 2321 addidit,
1772 2276 1819 2312 ut

117 2335 310 2386 femineos
339 2339 584 2377 monstraret
613 2336 802 2388 adfectus.

219 2502 261 2532 12
287 2498 565 2534 hemistichium
589 2511 656 2534 nec
683 2498 722 2534 in
748 2511 856 2535 sensu
875 2501 1041 2546 plenum]
1065 2502 1109 2537 cf.
1131 2503 1210 2537 vita
1230 2503 1366 2538 Donati
1387 2516 1419 2548 p.
1437 2508 1491 2546 64,
1509 2507 1550 2537 10
1571 2503 1777 2546 Reiffi’rsch.
1805 2508 1814 2547 1ἰ

121 2549 164 2579 20
203 2545 363 2591 Tullius]
400 2546 438 2580 in
474 2546 578 2583 Catil.
611 2548 627 2581 I
661 2551 698 2592 7,
732 2552 773 2582 17
813 2548 930 2583 ‘nunc
964 2551 1001 2583 te
1036 2549 1174 2594 patria,
1218 2562 1312 2594 quae
1351 2550 1554 2585 communis
1590 2552 1644 2584 est
1683 2562 1814 2594 parens

120 2591 285 2627 omnium
309 2594 505 2628 nostrum’.
670 2606 675 2612 ⁸

218 2737 237 2767 2
265 2733 405 2780 felicia]
433 2733 558 2770 facilia
587 2735 625 2769 F
633 2735 706 2770 OE
731 2738 760 2781 (i
785 2737 910 2771 felicia
934 2749 1110 2783 supcrscr.
1137 2740 1166 2782 e)
1186 2740 1197 2783 [Ι
1223 2744 1242 2773 3
1270 2752 1328 2779 va
1356 2739 1479 2773 ΕΘΗ
1493 2741 1504 2783 l}
1526 2744 1543 2774 7
1572 2740 1724 2784 παῖδας]
1752 2752 1813 2783 pe—

119 2780 184 2814 das
210 2781 249 2815 F
265 2782 276 2825 ΙΙ
302 2786 321 2815 9
348 2782 483 2827 pauca]
509 2785 599 2826 puta
627 2783 656 2817 C
680 2786 812 2827 (pauca
836 2784 874 2818 in
900 2789 1123 2820 evanuerunt
1148 2787 1189 2820 in
1214 2786 1270 2827 F)
1308 2788 1320 2830 ΙΙ
1351 2787 1526 2830 superstis
1557 2787 1592 2820 ll
1622 2789 1633 2829 Η
1665 2787 1729 2820 sed
1756 2799 1813 2820 su—

120 2830 262 2871 perstes
282 2839 346 2864 om.
362 2829 449 2862 HE
462 2831 660 2873 (superstes
681 2832 763 2865 add.
776 2834 805 2875 e)
825 2832 836 2875 ΙΙ
858 2836 900 2866 10
921 2833 1178 2876 praesentibus
1193 2834 1233 2867 H
1251 2835 1262 2878 ΙΙ
1282 2833 1498 2867 numeriana
1521 2834 1565 2866 M
1575 2834 1612 2866 Ji
1629 2835 1640 2876 Η
1665 2838 1703 2867 12
1725 2833 1812 2867 cmi—

125 2874 271 2909 sticium
297 2875 336 2908 F
365 2875 586 2910 emisticium
613 2879 667 2911 est
694 2877 724 2911 0
753 2878 1002 2913 emistichium
1028 2880 1116 2913 LH
1144 2880 1403 2924 cmystichium
1433 2881 1477 2913 M
1495 2882 1506 2924 ΙΙ
1530 2885 1569 2913 13
1598 2881 1666 2914 hoc
1693 2882 1751 2915 et.
1775 2909 1781 2915 .
1805 2909 1812 2915 .

122 2920 273 2956 Teucris
298 2933 362 2957 om.
390 2923 494 2967 FCss
512 2923 582 2958 hoc
609 2928 647 2957 et
674 2925 760 2958 Me:
788 2925 856 2959 hoc
882 2926 916 2959 L
948 2927 1017 2961 hoc
1043 2929 1085 2960 ut
1110 2927 1150 2960 II
1188 2928 1257 2962 hoc
1284 2929 1339 2961 est
1365 2927 1403 2959 E
1420 2928 1431 2970 ΙΙ
1459 2932 1499 2961 17
1527 2927 1619 2960 illud
1644 2928 1722 2962 hab.
1753 2927 1782 2961 G
1803 2938 1813 2961 ,·

122 2971 164 3002 18
190 2969 249 3003 vel
274 2980 339 3004 om.
368 2969 398 3003 C
419 2970 431 3014 ΙΙ
462 2974 502 3004 19
529 2970 609 3004 uias
635 2970 724 3006 FC.-
751 2971 851 3006 uiam
877 2972 1061 3007 LHME
1084 2975 1095 3018 ΙΙ
1125 2979 1168 3009 20
1194 2974 1352 3018 patriam
1380 2974 1416 3006 Il
1443 2975 1454 3017 ΙΙ
1483 2978 1525 3007 21
1554 2973 1714 3008 doletme
1740 2974 1779 3008 F
1801 2974 1812 3020 Η

120 3064 164 3096 23
190 3063 319 3107 autqui
344 3063 384 3097 F
418 3032 521 3107 atqui
548 3064 578 3098 (J
599 3066 675 3108 [1⁶24
700 3065 785 3100 inde
812 3065 956 3101 FGM:
983 3068 1077 3102 unde
1104 3068 1231 3102 LJIE
1248 3069 1260 3111 11
1279 3068 1390 3112 nono]
1420 3080 1485 3102 1111.
1515 3067 1545 3102 G
1561 3068 1572 3111 ΙΙ
1594 3072 1636 3102 26
1663 3068 1811 3103 heroico

120 3119 165 3142 ex
188 3109 325 3145 herooo
351 3110 391 3144 F
424 3111 435 3156 ΙΙ
473 3115 516 3146 28
550 3112 597 3146 ad
629 3111 813 3147 incassum
844 3113 949 3148 fletus
980 3126 1079 3159 supr.
1113 3126 1199 3149 vera
1228 3117 1264 3148 et
1290 3115 1417 3158 longos
1447 3143 1452 3148 .
1481 3142 1487 3149 .
1517 3142 1523 3148 .
1551 3115 1717 3150 adfectus
1747 3115 1778 3149 T
1801 3116 1812 3161 Η

121 3167 252 3190 cAsva
278 3156 317 3190 F
332 3158 344 3201 ΙΙ
362 3161 407 3192 29
433 3158 598 3193 adfectos
626 3158 665 3192 F

1459 3221 1530 3255 26*
