2204 3437
647 177 798 213 COMM.
826 177 876 211 IN
902 176 1042 210 VERG.
1070 175 1179 210 AEN,
1208 176 1232 210 Ι.
1265 180 1291 210 1,
1790 177 1816 215 5

123 288 413 329 narrationem
440 286 579 340 prima
601 284 827 326 reddamus
855 285 896 324 et
915 296 1000 323 non
1020 296 1252 336 numquam
1279 282 1424 322 futura
1448 296 1818 335 praeoccupemus,

123 360 169 399 ut
204 371 280 410 per
318 356 692 398 vaticinationem:
737 354 847 408 quod
886 353 1015 393 etiam
1046 352 1256 393 Horatius
1290 351 1350 392 sic
1387 352 1607 405 praecepit
1645 352 1689 392 in
1727 355 1817 393 arte

69 454 73 458 -
122 428 290 482 poetica
321 430 374 469 ut
404 428 503 468 iam
535 441 663 468 nunc
694 425 832 466 dicat
863 424 959 464 iam
993 438 1122 464 nunc
1154 422 1396 464 debentia
1426 421 1542 475 dici,
1574 422 1818 477 pleraque

123 498 339 539 differat
378 501 426 539 et
462 511 708 551 praesens
746 495 797 536 in
833 496 1030 548 tempus
1070 493 1297 535 omittat:
1338 492 1447 533 unde
1480 494 1650 534 constat
1681 492 1818 545 perite

123 568 275 609 fecisse
308 567 562 622 Vergilium.
624 566 717 607 sola
749 566 944 618 superest
984 562 1248 617 explanatio,
1291 577 1396 617 quae
1435 562 1479 602 in
1518 562 1712 615 sequenti
1751 577 1817 602 ex-

122 638 334 692 positione
372 638 635 692 probabitur.
695 635 800 676 haec
839 636 1044 688 quantum
1083 634 1135 675 ad
1167 632 1400 675 Aeneidem
1438 632 1624 687 pertinet
1662 632 1818 673 dixisse

124 708 326 762 sufficiat,
357 723 458 749 nam
490 706 778 748 bucolicorum
811 707 853 745 et
887 704 1187 758 georgicorum
1220 703 1305 744 alia
1337 703 1446 744 ratio
1475 706 1551 744 est.
1601 703 1819 744 sciendum

122 781 342 832 praeterea
375 781 442 819 est
475 778 603 831 quod,
636 776 745 817 sicut
775 789 886 816 nunc
918 774 1074 815 dicturi
1105 773 1254 815 thema
1285 773 1581 827 proponimus,
1613 772 1674 813 ita
1706 776 1820 814 vete-

122 864 190 890 res
223 848 486 901 incipiebant
519 861 688 888 carmen
715 860 739 886 a
764 845 894 887 titulo
923 844 1122 885 carminis
1150 843 1232 897 sui,
1263 846 1311 883 ut
1336 845 1440 896 puta
1466 858 1604 884 arma
1636 843 1820 883 virum-

124 933 215 972 que
260 933 399 971 cano,
444 917 638 958 Lucanus
683 916 831 957 Bella
875 929 961 968 per
1004 913 1290 967 Emathios7
1336 912 1498 954 Statius
1542 912 1817 954 Fraternas

123 988 258 1030 acies
292 989 593 1042 alternaque
627 1000 794 1041 regna.

230 1061 279 1099 nl.
329 1070 456 1099 ARMA
489 1058 614 1099 multi
646 1057 763 1098 varie
795 1057 1011 1097 disserunt
1038 1069 1111 1096 cur
1138 1055 1190 1096 ab
1219 1055 1348 1096 armis
1371 1054 1592 1108 Vergilius
1620 1054 1821 1107 coeperit,

124 1144 268 1171 omnes
314 1131 460 1170 tamen
502 1128 647 1169 inania
690 1128 849 1169 sentire
899 1126 1175 1167 manifestum
1227 1128 1313 1178 est,
1364 1140 1459 1166 cum
1511 1139 1605 1165 eum
1656 1126 1821 1165 constet

124 1200 293 1241 aliunde
327 1199 559 1253 sumpsisse
592 1198 866 1253 principium,
899 1197 1008 1238 sicut
1039 1197 1084 1237 in
1115 1196 1352 1250 praemissa
1378 1195 1468 1237 eius
1495 1195 1585 1236 vita
1611 1197 1820 1235 monstra-

123 1273 215 1312 tum
247 1272 321 1311 est.
383 1285 458 1324 per
491 1268 651 1311 earma'
685 1271 828 1310 autem
861 1268 1023 1309 bellum
1057 1267 1290 1320 significat,
1330 1269 1371 1307 et
1410 1268 1476 1307 est
1507 1268 1655 1319 tropus
1689 1267 1820 1306 meto—

123 1341 280 1396 nymia.
342 1355 441 1382 nam
474 1354 594 1381 arma
627 1339 779 1393 quibus
813 1339 857 1379 in
895 1338 1011 1379 bello
1050 1337 1210 1378 utimur
1247 1352 1324 1390 pro
1363 1337 1476 1378 bello
1514 1336 1677 1391 posuit,
1711 1336 1820 1376 sicut

124 1414 228 1466 toga
260 1426 342 1465 qua
373 1411 418 1453 in
443 1425 545 1464 pace
572 1410 733 1451 utimur
758 1424 835 1463 pro
862 1423 965 1462 pace
991 1407 1182 1462 ponitur,
1212 1410 1260 1448 ut
1287 1406 1436 1448 Cicero
1470 1407 1651 1448 cedant
1683 1421 1820 1447 arma

124 1486 297 1535 togae,
342 1481 383 1521 id
428 1483 494 1521 est
531 1480 693 1521 bellum
731 1479 839 1533 paci.
963 1476 1074 1519 ‘galia'
1113 1478 1196 1518 ideo
1236 1476 1397 1518 ‘arma'
1436 1477 1507 1518 hoc
1545 1477 1625 1519 loco
1655 1477 1821 1530 proprie

219 1626 238 1655 2
265 1619 455 1664 Horatius]
483 1631 515 1654 a.
542 1631 577 1664 p.
604 1623 648 1654 43
664 1630 714 1662 sq.
746 1619 758 1663 l]
796 1621 836 1651 10
862 1617 1045 1660 Lucanus]
1079 1617 1092 1650 l
1123 1621 1137 1650 1
1171 1618 1183 1661 ΙΙ
1215 1616 1370 1661 Statius]
1403 1616 1517 1651 Theb.
1545 1617 1559 1649 Ι
1589 1620 1603 1649 1
1644 1617 1655 1659 ΙΙ
1696 1620 1735 1649 17
1764 1614 1819 1650 Ci-

124 1669 222 1715 cero]
253 1668 297 1702 de
324 1668 382 1702 off.
408 1668 424 1701 Ι
450 1672 506 1710 22,
535 1671 577 1701 77

222 1802 239 1832 1
262 1796 531 1832 enarrationem
546 1796 584 1829 E
602 1797 614 1840 l]
633 1799 652 1829 2
674 1794 716 1838 qt
730 1794 762 1827 L
781 1795 792 1839 ΙΙ
812 1805 876 1837 per
895 1792 1218 1838 vaticinationem]
1240 1803 1306 1836 per
1319 1791 1625 1836 anticipationem
1645 1802 1819 1835 superscr.

124 1857 157 1880 m
189 1847 200 1889 ΙΙ
232 1845 347 1890 quod]
374 1855 485 1888 quam
513 1843 543 1878 G
570 1844 581 1886 ΙΙ
612 1841 828 1888 praecoepit
853 1841 888 1875 B
931 1840 1121 1885 praecepit
1152 1851 1194 1874 ex
1226 1839 1409 1884 praecipit
1437 1838 1466 1873 C
1500 1838 1681 1883 praecipit
1707 1838 1788 1872 GE
1810 1838 1821 1883 Η

1747 1898 1777 1922 bi

127 1945 146 1974 3
166 1938 320 1984 poetica
346 1937 472 1972 dicens
500 1936 670 1971 Paris.E
686 1936 699 1980 ΙΙ
718 1936 760 1969 ut
784 1935 858 1969 iam
883 1946 979 1968 nunc
1006 1934 1107 1969 dicat
1132 1944 1197 1968 om.
1220 1933 1249 1968 (J
1265 1934 1277 1977 ΙΙ
1298 1936 1317 1967 5
1344 1934 1382 1967 et
1403 1933 1483 1967 sola
1505 1933 1547 1967 0²
1567 1935 1577 1977 ΙΙ
1599 1937 1617 1967 G
1643 1932 1821 1977 probatur

127 1987 184 2031 011
204 1990 222 2020 7
250 1984 406 2019 suffitiat
430 1985 464 2018 L
482 1985 494 2028 ΙΙ
512 1995 599 2018 nam
628 2011 634 2018 .
657 2011 662 2018 .
687 2010 693 2016 .
720 1982 815 2017 ratio
842 1983 899 2016 est
923 1992 989 2016 om.
1011 1981 1055 2023 O,
1081 1982 1122 2015 iu
1147 1992 1259 2025 margy.
1288 1981 1371 2015 add.
1394 1980 1437 2014 0²
1456 1982 1468 2025 ΙΙ
1486 1979 1736 2015 bocolicorum
1756 1980 1790 2013 B
1811 1980 1820 2021 2]

343 2066 345 2069 ,
828 2041 890 2065 turi
907 2041 1009 2065 thema

124 2085 144 2115 8
172 2079 378 2125 praeterea]
406 2078 639 2122 praeterecce
667 2076 699 2111 G
723 2077 735 2121 ΙΙ
761 2074 1019 2121 diCssssssslss‘ls‘sss
1045 2073 1075 2109 Ο
1109 2074 1195 2117 (turi
1221 2074 1348 2108 thema
1372 2084 1547 2117 superscr.
1576 2073 1632 2111 C2)
1658 2074 1669 2116 ΙΙ
1699 2078 1718 2107 9
1746 2084 1819 2107 car-

124 2128 224 2162 mina
249 2127 359 2161 titulo
387 2126 417 2160 C
433 2127 444 2169 ΙΙ
464 2124 619 2159 articulo
647 2124 680 2157 G
717 2122 868 2157 attitulo
896 2123 942 2155 M
961 2123 972 2165 ΙΙ
993 2121 1048 2155 sui
1073 2133 1173 2164 supr.
1200 2132 1286 2156 vers.
1314 2133 1344 2154 m
1364 2122 1378 2165 ss
1396 2122 1437 2154 ut
1462 2121 1574 2164 putae
1603 2120 1632 2154 G
1667 2121 1708 2154 ut
1732 2121 1819 2164 pote

126 2175 220 2209 ME
236 2175 248 2218 ΙΙ
270 2178 311 2208 10
337 2171 546 2207 hemathios
572 2172 654 2216 plus
681 2181 791 2215 quam
819 2168 945 2203 ciuilia
970 2169 1070 2203 bella
1094 2169 1129 2202 B
1149 2169 1160 2212 ΙΙ
1183 2173 1223 2202 12
1250 2169 1298 2202 acl
1323 2179 1353 2203 v.
1379 2173 1393 2202 1
1425 2169 1535 2201 Arma
1562 2167 1681 2201 uirum
1707 2168 1745 2201 et
1770 2167 1819 2212 1-1]

124 2221 184 2256 hic
210 2220 408 2265 requiritur
435 2230 497 2253 cur
525 2218 570 2253 ab
597 2217 708 2252 armis
727 2215 906 2261 Virgilius
933 2215 1105 2260 coeperit.
1145 2215 1210 2249 alii
1228 2227 1295 2260 per
1313 2226 1416 2249 arma
1436 2214 1571 2249 bellum
1594 2214 1820 2258 significasse

125 2269 253 2303 dicunt
284 2278 349 2312 per
380 2265 647 2310 metonymiam
681 2262 989 2307 (metonomiam);
1027 2274 1113 2297 nam
1152 2274 1255 2296 arma
1289 2262 1421 2306 quibus
1449 2290 1454 2295 .
1485 2291 1491 2297 .
1521 2289 1526 2294 .
1554 2262 1692 2295 bellum
1726 2261 1819 2305 paci.

125 2327 190 2360 per
216 2326 280 2349 sua
306 2313 404 2349 enim
430 2324 533 2347 arma
557 2312 603 2346 ad
630 2311 794 2356 regalem
829 2311 1007 2344 honorem
1040 2309 1224 2353 peruenit,
1258 2309 1342 2344 ideo
1376 2320 1478 2342 arma
1503 2308 1698 2353 proposuit
1722 2307 1818 2350 uir03

126 2363 190 2397 sed
227 2362 345 2396 tribus
380 2360 498 2394 modis
530 2370 633 2394 arma
664 2357 856 2403 proposuit
886 2358 984 2401 uiro,
1021 2357 1060 2391 id
1092 2358 1149 2391 est
1178 2356 1298 2401 primo
1332 2356 1430 2399 quod
1462 2356 1610 2390 fuerant
1642 2355 1820 2398 uictricia,

126 2408 285 2444 secundo
318 2407 416 2452 quod
455 2407 597 2449 diuina,
635 2406 745 2440 tertio
779 2405 877 2448 quod
910 2415 1023 2448 prope
1057 2415 1201 2448 semper
1232 2403 1342 2438 armis
1377 2402 1497 2436 uirum
1537 2402 1742 2446 subiungit,
1780 2403 1821 2436 ut

129 2457 246 2491 ‘arma
264 2454 398 2489 uirum’
429 2455 465 2488 et
492 2454 611 2488 ‘arma
630 2452 704 2487 acri
723 2452 894 2486 facienda
913 2451 1021 2485 uiro'.
1062 2450 1132 2493 Qui
1153 2450 1307 2495 primus]
1336 2450 1475 2494 primus
1502 2462 1574 2484 non
1600 2451 1685 2484 ante
1713 2461 1820 2492 quem

125 2514 251 2545 nemo⁷
279 2502 342 2537 sed
367 2502 454 2546 post
479 2512 586 2544 quem
613 2500 754 2541 nullus,
780 2499 841 2533 uel
866 2499 927 2532 hic
956 2498 1125 2542 ‘primus'
1155 2498 1324 2542 princeps
1350 2497 1411 2531 uel
1437 2496 1608 2541 optimus.
1647 2497 1703 2530 Ab
1731 2496 1818 2540 oris]

127 2550 287 2595 speciem
313 2560 378 2593 pro
404 2559 538 2592 genere
564 2546 696 2592 posuit.
727 2547 762 2580 P
778 2547 790 2590 ΙΙ
812 2550 852 2580 13
880 2545 1005 2580 inania
1031 2545 1166 2580 sentire
1195 2545 1237 2588 G,
1264 2545 1358 2588 quod
1385 2545 1548 2587 corrupit
1572 2544 1616 2577 C2
1643 2543 1704 2577 ani
1730 2544 1819 2577 licte-

126 2599 178 2632 rz's
203 2597 363 2631 radendo
389 2596 589 2630 obscuratis
613 2594 880 2638 superscribens
905 2593 976 2626 hoc
1002 2596 1034 2626 et
1058 2593 1218 2627 inserens
1243 2604 1258 2626 s
1285 2593 1378 2626 iuter
1404 2602 1425 2625 a
1451 2595 1483 2625 et
1509 2603 1538 2634 s,
1567 2591 1662 2625 unde
1686 2591 1723 2623 in
1749 2591 1818 2623 hoc

1443 2659 1462 2675 1]

127 2689 306 2726 assentire
339 2689 500 2724 eaehibere
531 2688 750 2722 Fuldeuscm
782 2686 906 2721 testari
932 2687 1055 2730 potuit
1087 2686 1299 2730 Scioppius:
1336 2686 1374 2720 in
1404 2686 1474 2720 hac
1506 2683 1684 2719 assentire
1710 2684 1744 2717 B
1782 2683 1816 2715 in

125 2738 221 2772 hanc
248 2736 382 2771 sentire
408 2736 493 2770 LH
514 2734 566 2780 (in
591 2735 686 2769 hanc
711 2734 887 2769 assentire
914 2734 938 2776 Z)
977 2732 1155 2767 assentire
1181 2733 1219 2767 in
1244 2734 1340 2768 hanc
1367 2733 1416 2767 M
1444 2734 1455 2777 ΙΙ
1488 2736 1531 2766 14
1557 2730 1765 2766 narratione
1794 2730 1823 2763 G

128 2785 219 2828 (eius
244 2784 323 2818 uita
350 2783 407 2827 02)
441 2784 453 2827 ΙΙ
484 2782 729 2817 monstratum
755 2781 826 2826 est]
861 2791 933 2824 qua
964 2791 1074 2815 causa
1102 2782 1140 2815 et
1166 2780 1222 2815 illi
1249 2781 1295 2815 ab
1322 2791 1365 2814 eo
1391 2779 1500 2824 primi
1527 2778 1637 2823 positi
1663 2778 1819 2820 quatuor

1009 2840 1132 2865 materie
1381 2839 1510 2864 dictatus

127 2889 253 2913 uersus
284 2876 443 2912 detracti
473 2878 559 2911 sunt
585 2906 591 2912 .
619 2875 762 2910 scilicet
792 2877 835 2910 ut
866 2886 977 2909 causa
1008 2874 1129 2919 operis
1165 2873 1348 2909 obtineret
1377 2872 1600 2917 principium
1632 2871 1715 2905 cedd.
1743 2871 1754 2903 l
1781 2871 1819 2903 in

127 2936 252 2969 mary„
280 2925 485 2959 Masvicz'us
507 2924 649 2968 primus
674 2923 795 2957 edidit.
816 2923 828 2966 ΙΙ
849 2926 890 2956 15
911 2933 977 2966 per
998 2949 1004 2955 .
1027 2950 1033 2956 .
1057 2949 1063 2954 .
1091 2921 1290 2966 significat]
1318 2920 1578 2963 intellegamus
1604 2919 1728 2951 tamen
1753 2928 1819 2961 per

128 2983 231 3007 arma
254 2972 395 3006 bellum
421 2982 503 3006 eum
530 2970 757 3015 significasse
786 2969 815 3004 O
830 2970 842 3014 Η
859 2968 1087 3013 metonymia
1106 2970 1165 3003 H:
1192 2967 1437 3002 metonomiae
1460 2965 1490 2999 G
1512 2966 1584 3009 (sed
1610 2975 1656 2998 no
1682 2965 1820 2998 litterae

127 3020 168 3054 iu
194 3029 328 3054 rasura
352 3019 507 3062 scriptae
531 3021 616 3052 suut
642 3020 673 3051 et
699 3027 717 3051 e
744 3017 858 3051 altera
884 3028 907 3051 a
931 3027 1043 3050 mauu
1068 3027 1131 3051 sec.
1159 3016 1299 3058 addita)
1338 3012 1554 3048 metonimia
1578 3012 1611 3044 L
1654 3012 1818 3046 metono-

128 3077 214 3110 mya
242 3066 289 3099 M
305 3067 380 3147 11017
408 3065 540 3100 cedent
565 3064 598 3098 L
622 3065 634 3108 ΙΙ
661 3067 703 3098 18
730 3063 795 3098 alii
821 3091 828 3098 .
851 3090 857 3096 .
880 3090 886 3096 .
913 3063 990 3097 viro
1015 3064 1085 3098 leuc
1109 3062 1337 3106 transposui,
1362 3063 1440 3104 post
1466 3058 1608 3093 venerit
1633 3059 1686 3102 (p.
1708 3063 1727 3092 6
1755 3059 1818 3092 lin.

131 3114 186 3155 12)
212 3113 291 3147 hab.

1845 573 1864 601 (51

1848 923 1889 952 10

1849 1275 1890 1305 15
