2204 3437
385 160 500 195 XLIV
1084 160 1369 196 PRAEFATIO.

388 269 500 309 alius
542 269 788 323 interpretis
832 269 883 310 ad
926 269 1094 311 eosdem
1138 268 1320 325 Vergilii
1367 283 1514 310 versus
1557 268 1738 319 scholia,
1779 285 1886 324 quae
1926 272 2078 325 postea

388 339 556 379 demum
591 353 683 379 eum
718 337 922 381 Serviano
961 340 1265 381 commentario
1306 339 1532 380 coniuncta
1571 338 1672 393 sint,
1709 339 1874 382 Isidoro
1908 341 1959 382 ad
1991 356 2076 382 ma-

388 424 489 450 num
530 409 660 450 fuisse
698 410 802 463 dixi,
839 410 881 451 id
921 410 1017 451 aliis
1058 411 1187 451 etiam
1226 410 1430 463 exemplis
1474 409 1761 452 confirmatur.
1818 411 1951 452 veluti
1994 410 2076 452 duo

388 479 602 533 originum
644 479 744 532 loci,
785 481 857 535 qui
901 483 999 521 sunt
1037 480 1139 521 XIV
1177 482 1221 535 4,
1261 481 1316 521 22
1359 480 1454 520 ‘alii
1495 479 1715 521 Etruriam
1748 513 1757 522 .
1784 514 1792 523 .
1819 515 1828 523 .
1868 477 1955 522 ἀπὸ
1996 481 2078 522 τοῦ

387 549 548 590 θῦσαι’
587 553 629 591 01
666 550 811 591 XVIII
847 551 888 604 7,
930 552 983 605 7,
1017 565 1110 592 cum
1151 551 1324 592 scholiis
1365 550 1415 591 ad
1453 549 1559 591 Aen.
1597 549 1636 590 X
1680 551 1762 592 164
1801 554 1842 592 et
1879 551 1964 593 VII
1997 552 2078 593 741

387 621 677 675 consentiunt,
716 636 822 675 quae
855 621 1008 663 Daniel
1046 637 1132 663 non
1172 637 1192 663 e
1231 621 1493 663 Floriaeensi
1534 621 1696 675 codice,
1735 623 1805 676 qui
1842 623 2078 676 pleniorem

388 691 458 745 qui
492 694 667 732 vocatur
700 690 834 733 Servii
873 693 1225 734 commentarium
1264 692 1454 746 exhibet,
1495 691 1567 733 sed
1607 706 1657 732 ex
1689 691 1928 734 Turonensi
1965 693 2077 735 libro

387 761 534 815 edidit,
567 763 637 816 qui
672 761 807 804 Servii
842 763 1002 804 scholia
1040 763 1121 804 nisi
1161 763 1306 817 paucis
1350 763 1453 804 loeis
1491 777 1574 804 non
1616 762 1805 819 habet.¹)
1858 766 2079 818 praeterea

392 832 578 883 Isidorus
611 832 772 875 scholia
805 834 976 888 aliquot,
1008 849 1113 888 quae
1135 834 1303 888 quidem
1332 834 1375 874 in
1402 834 1665 888 plenioribus
1694 834 1815 875 libris
1849 837 2008 889 extant,
2035 835 2079 877 in

387 903 575 956 origines
608 904 848 958 transtulit,
881 904 1130 945 Servianum
1165 905 1374 946 scholium
1402 905 1454 946 ἃᾶ
1482 904 1628 945 eadem
1660 907 1812 959 poetae
1845 906 1976 947 verba
2008 906 2079 947 ad—

389 973 594 1028 scriptum
632 975 830 1029 neglexit.
887 975 936 1016 ef.
976 990 1034 1016 or.
1072 974 1131 1016 IX
1172 976 1217 1029 2,
1258 976 1312 1016 74
1352 975 1537 1030 ‘Pelasgi
1671 976 1997 1029 commemorat’
2037 979 2080 1018 et

390 1043 492 1084 Aen.
524 1044 629 1085 VIII
663 1045 764 1099 600,
798 1060 856 1086 01.
895 1045 957 1086 XI
999 1047 1040 1100 1,
1080 1046 1132 1086 79
1174 1048 1215 1086 et
1254 1046 1359 1087 Aen.
1396 1045 1417 1086 I
1449 1046 1553 1100 211,
1593 1061 1652 1087 01.
1690 1045 1793 1088 XIII
1831 1047 1904 1101 21,
1943 1048 1999 1089 26
2038 1050 2080 1089 et

390 1114 492 1155 Aen.
525 1115 585 1155 xl
618 1116 719 1170 4573
754 1131 811 1157 or.
850 1115 953 1157 XVI
986 1117 1060 1170 20,
1104 1117 1153 1157 11
1197 1119 1239 1158 et
1277 1116 1383 1157 Aen.
1421 1116 1441 1157 1
1474 1117 1579 1172 448;
1618 1131 1675 1158 or.
1714 1117 1840 1159 XVII
1873 1119 1916 1173 6,
1952 1119 2004 1160 18
2038 1121 2080 1160 et

390 1184 494 1225 Aen.
525 1185 587 1226 IV
620 1187 717 1228 242.
767 1187 948 1241 denique
980 1187 1093 1228 haud
1119 1202 1255 1241 pauca
1281 1202 1427 1229 eorum
1455 1202 1563 1242 quae
1596 1202 1617 1228 e
1643 1188 1836 1241 pleniore
1869 1204 2078 1231 commen-

387 1256 494 1297 tario
528 1256 715 1298 Isidorus
750 1257 1037 1312 adsumpsisse
1077 1258 1241 1299 videtur
1280 1259 1331 1299 ad
1370 1258 1551 1313 Vergilii
1590 1273 1737 1300 versus
1774 1261 1992 1314 pertinent
2029 1261 2079 1302 de

389 1326 541 1379 quibus
586 1326 759 1368 Servius
802 1328 893 1382 ipse
934 1329 1040 1369 nihil
1080 1329 1196 1369 dixit.
1249 1329 1298 1370 ef.
1341 1344 1399 1370 or.
1437 1328 1497 1369 IX
1531 1330 1574 1383 2,
1615 1330 1668 1370 Τ3
1710 1333 1752 1371 et
1792 1330 1897 1372 Aen.
1936 1332 1956 1372 I
1993 1332 2079 1373 242

390 1395 462 1451 (cf.
496 1396 726 1452 Kettnerus
761 1398 869 1440 stud.
902 1398 1083 1441 Varron.
1115 1415 1154 1454 p.
1192 1399 1283 1454 19),
1317 1415 1375 1441 01.
1408 1399 1468 1440 IX
1503 1400 1545 1453 2,
1580 1401 1634 1441 74
1667 1400 1839 1443 ‘Graeci
1872 1417 1970 1444 vero
1999 1436 2007 1445 .
2035 1436 2043 1444 .
2070 1435 2080 1444 .

386 1467 542 1508 ‹lietos’
576 1470 617 1508 et
651 1468 753 1509 Aen.
785 1469 804 1509 I
839 1470 941 1523 624,
980 1485 1038 1511 01.
1070 1470 1131 1511 IX
1164 1472 1207 1524 2,
1231 1471 1331 1515 ,106
1365 1475 1407 1512 01
1439 1470 1544 1512 Aen.
1576 1470 1682 1512 VIII
1716 1472 1818 1526 (35ss3
1858 1489 1915 1515 or.
1948 1472 2008 1514 IX
2040 1474 2080 1528 3,

386 1540 441 1578 22
477 1541 516 1580 01
547 1538 653 1579 Αο11.
687 1539 724 1579 Χ
759 1540 861 1593 3703
895 1555 953 1582 01.
986 1541 1047 1582 XI
1084 1542 1124 1594 1,
1158 1543 1209 1582 61
1246 1544 1288 1582 et
1319 1541 1425 1583 Aen.
1460 1542 1521 1583 XI
1555 1541 1701 1599 4962);
1735 1558 1793 1585 or.
1826 1543 1886 1585 XI
1922 1546 1963 1598 1,
1991 1545 2075 1585 123

387 1612 427 1650 et
460 1609 564 1650 Aen.
595 1609 659 1650 III
693 1610 765 1664 6Τ,
807 1625 864 1651 or.
897 1611 981 1651 XII
1022 1613 1064 1666 Τ,
1106 1613 1213 1652 Τῖ-1
1224 1613 1276 1653 Τ8
1317 1616 1359 1653 01
1398 1613 1503 1654 Aen.
1534 1613 1598 1654 III
1631 1615 1733 1667 246,
1772 1629 1830 1656 or.
1868 1578 1971 1656 XIII
2013 1616 2082 1673 18,

391 1694 416 1717 )
450 1682 491 1720 01
524 1679 627 1721 Αο11.
660 1680 725 1721 III
757 1644 839 1721 ⁷421
876 1684 918 1723 et
949 1683 1055 1737 423·
1088 1698 1147 1724 01.
1181 1683 1282 1724 XIV
1315 1685 1358 1738 6,
1390 1685 1447 1724 44
1487 1687 1529 1725 01
1566 1684 1754 1740 Philarg.
1793 1685 1843 1726 ad
1883 1699 2028 1741 georg.
2060 1686 2080 1727 I

390 1751 491 1804 309,
526 1765 583 1791 or.
617 1751 718 1792 XIV
751 1752 888 1805 8,18
922 1755 963 1794 et
995 1716 1182 1808 Pliilarg.
1222 1754 1273 1794 ad
1305 1768 1449 1809 georg.
1482 1754 1545 1795 III
1578 1755 1681 1808 474,
1720 1770 1778 1797 or.
1811 1756 1914 1798 XIV
1947 1757 1990 1810 8,
2023 1757 2078 1797 38

391 1823 432 1861 01
466 1821 569 1862 Aen.
602 1822 661 1862 XI
694 1822 778 1862 326
813 1820 882 1877 (ef.
916 1823 1020 1864 Aen.
1052 1824 1094 1865 II
1130 1823 1222 1880 16),
1257 1840 1314 1866 01.
1347 1824 1427 1866 XV
1461 1826 1505 1879 2,
1538 1826 1564 1866 Ξ)
1593 1840 1651 1879 sq.
1685 1828 1726 1867 et
1759 1826 1864 1868 Aen.
1890 1826 1949 1868 IX
1977 1790 2060 1869 608

387 1907 444 1933 01.
478 1892 558 1933 XV
592 1894 635 1946 2,
668 1894 722 1934 32
755 1897 797 1934 01
829 1894 933 1935 Aen.
965 1894 985 1935 I
1018 1896 1091 1949 20,
1125 1910 1184 1936 01.
1215 1895 1296 1936 XV
1329 1897 1373 1950 3,
1408 1897 1461 1937 12
1496 1899 1537 1937 01
1570 1897 1675 1938 Αο11.
1702 1897 1745 1938 II
1776 1898 1879 1952 464,
1913 1913 1971 1939 or.
1998 1897 2078 1939 XV

393 1964 458 2014 16,
492 1964 516 2003 6
551 1966 591 2004 01
624 1964 729 2006 Aen.
760 1964 780 2005 I
812 1964 914 2019 422,
959 1981 1015 2007 or.
1048 1966 1150 2007 XVI
1185 1967 1259 2021 20,
1302 1968 1350 2007 11
1389 1970 1430 2008 013
1462 1967 1566 2009 Αο11.
1598 1967 1619 2008 I
1651 1969 1752 2023 448,
1789 1983 1847 2010 or.
1881 1968 2007 2010 XVII
2039 1970 2078 2024 6,

386 2034 440 2073 26
480 2037 520 2073 01
559 2034 661 2075 Aen.
693 2035 713 2075 I
749 2036 848 2090 176,
888 2050 945 2077 or.
984 2036 1109 2077 XVII
1142 2038 1185 2091 9,
1219 2038 1273 2078 29
1314 2038 1363 2079 (10
1402 2038 1618 2080 dictamno
1645 2039 1834 2080 Isidorus
1875 2040 2077 2095 loquitur.

387 2103 552 2144 videtur
586 2105 746 2146 scholio
779 2106 921 2161 aliquo
956 2107 1007 2147 ad
1040 2107 1143 2148 Aen.
1176 2107 1240 2149 IV
1274 2109 1347 2162 Τ2,
1379 2123 1503 2163 quem
1531 2124 1701 2150 versum
1733 2110 1943 2166 laudavit,
1975 2126 2076 2153 usus

386 2188 489 2215 esse.
540 2175 612 2215 sed
647 2176 697 2216 ad
730 2176 843 2217 hune
882 2177 1022 2231 ipsum
1056 2193 1269 2233 perpauca
1307 2179 1521 2234 adscripta
1554 2184 1671 2234 sunt,
1707 2181 1832 2236 plura
1864 2182 1913 2223 de
1945 2183 2078 2224 herba

385 2245 459 2285 illa
493 2245 595 2286 Aen.
628 2245 691 2287 III
726 2247 803 2287 171
848 2250 889 2288 et
922 2248 1004 2288 XII
1037 2250 1122 2289 412
1161 2250 1453 2306 inveniuntur,
1497 2266 1554 2292 or.
1587 2250 1733 2292 XVIII
1765 2252 1809 2306 2,
1843 2253 1865 2293 Τ
1901 2255 1942 2294 et
1973 2252 2078 2294 Aen.

385 2314 402 2354 l
440 2316 510 2368 ΤΟ,
550 2330 608 2356 01.
647 2316 747 2357 XIX
787 2318 858 2371 28,
894 2320 919 2358 6
959 2333 1065 2372 quae
1104 2320 1153 2361 de
1187 2321 1404 2374 ferrugine
1443 2321 1558 2362 dieta
1597 2325 1696 2363 sunt
1735 2337 1882 2364 eorum
1921 2337 2020 2377 pars
2055 2338 2076 2364 e

386 2384 518 2426 Servii
552 2387 603 2427 ad
637 2386 740 2428 Aen.
774 2387 834 2428 IX
868 2388 952 2429 582
984 2392 1058 2430 aut
1091 2391 1142 2431 ad
1183 2405 1328 2446 georg.
1361 2392 1381 2432 I
1414 2393 1509 2433 466.
1540 2393 1721 2448 scholio,
1759 2409 1859 2448 pars
1899 2409 1948 2435 ex
1987 2395 2074 2448 ple-

384 2457 504 2497 niore
538 2458 841 2499 commentario
876 2459 928 2499 ad
961 2459 1065 2500 Aen.
1096 2459 1159 2501 XI
1195 2463 1277 2502 ΤΤ2
1311 2463 1474 2504 adscita
1506 2465 1580 2504 est.

503 2526 718 2569 Confiteor
756 2529 867 2569 inter
898 2530 1014 2571 locos
1054 2546 1159 2584 quos
1192 2533 1318 2573 modo
1353 2534 1596 2574 enumeravi
1637 2534 1751 2575 haud
1784 2549 1942 2588 paucos
1983 2550 2074 2577 esse

385 2612 564 2651 quorum
600 2613 851 2639 eonsensum
892 2600 962 2640 alii
995 2600 1055 2641 ita
1094 2603 1247 2644 rectius
1281 2605 1489 2657 explicare
1522 2605 1604 2646 sibi
1637 2604 1911 2659 videbuntur,
1943 2608 1991 2646 nt
2022 2605 2073 2647 ad

385 2668 558 2708 eandem
593 2671 634 2708 et
665 2668 875 2709 Isidorum
915 2674 956 2710 et
995 2686 1090 2711 011111
1131 2673 1202 2726 qui
1235 2674 1471 2727 pleniorem
1512 2676 1865 2717 commentarium
1905 2690 2075 2731 compo-

385 2739 471 2779 suit
503 2739 802 2781 auetoritatem
836 2755 879 2781 se
914 2741 1147 2794 adplicasse
1181 2744 1342 2785 dicant:
1376 2760 1512 2799 neque
1543 2745 1609 2787 his
1636 2761 1897 2801 magnopere
1930 2747 2074 2788 adver-

481 2940 512 2981 1)
541 2940 702 2972 ceterum
729 2937 894 2973 dubitari
917 2940 1039 2983 potest
1072 2951 1158 2974 num
1186 2940 1346 2976 Isidorus
1373 2945 1410 2976 et
1442 2943 1665 2978 Turonensis
1699 2943 1918 2978 scholiastes
1945 2943 2075 2989 Vergi-

388 2989 525 3024 lianum
553 2991 711 3035 aliquem
741 2992 1044 3026 commentarium
1072 2992 1129 3025 llis
1156 2993 1246 3027 loeis
1275 2996 1544 3041 exsvripserint.
1667 2998 1702 3041 2)
1728 2995 1841 3030 verba
1866 3007 1960 3040 quae
1988 2999 2074 3031 sunt

388 3043 526 3077 ‘cervix
553 3046 676 3077 autem
703 3055 854 3078 numero
882 3073 888 3079 .
913 3072 917 3078 .
941 3073 948 3080 .
974 3045 1102 3090 frange
1131 3046 1307 3081 cervices'
1339 3047 1463 3083 Servio
1490 3050 1534 3083 ad
1564 3051 1651 3084 Aen.
1679 3049 1711 3083 ΙΙ
1739 3052 1822 3091 707,
1856 3060 1962 3092 quem
1997 3049 2072 3085 diff.

385 3096 483 3130 verb.
514 3101 578 3130 118
606 3096 817 3141 exscripsit,
850 3097 961 3132 debet
989 3097 1158 3133 Isidorus.
