2204 3437
364 530 383 560 271

341 884 383 914 10

341 1238 383 1269 15

342 1595 385 1624 20

349 1949 392 1979 25

415 129 502 170 274
1180 129 1341 165 sERvu
1358 117 1364 120 “

412 238 636 280 Dardanos
671 239 892 292 populares
928 239 1168 292 appellarit:
1212 239 1283 291 (sui
1327 251 1375 278 ex
1417 235 1703 279 Samothracia
1742 238 1909 280 Troiam
1944 242 2112 292 penates

412 310 562 350 (licitur
599 310 801 363 detulisse,
841 323 940 362 quos
975 313 1064 362 post
1099 322 1230 351 seeum
1267 308 1428 349 Aeneas
1464 308 1520 348 acl
1554 307 1729 349 Italiam
1767 311 1897 360 vexit,·
1937 323 2113 362 namque

411 379 692 421 Samothraces
734 379 880 420 horum
917 380 1131 432 penatium
1169 379 1370 420 antistites
1407 377 1510 420 Saos
1553 378 1762 434 vocabant,
1805 381 1876 432 qui
1906 383 2048 433 postea
2085 394 2112 420 a

410 451 614 492 Romanis
646 450 756 493 Salii
785 451 980 503 appellati
1009 454 1106 492 sunt
1116 464 1128 500 ;
1161 450 1205 491 lu·
1235 451 1344 491 enim
1374 463 1493 491 saera
1516 450 1732 502 penatium
1763 450 1983 492 curabant:
2014 464 2112 503 quos

412 525 546 563 tamen
568 525 736 575 penates
767 522 844 562 alii
869 520 1101 574 Apollinem
1131 525 1168 563 et
1194 521 1431 574 Neptunum
1463 521 1618 575 volunt,
1649 521 1726 563 alii
1756 521 1936 563 hastatos
1966 535 2047 563 esse
2077 524 2115 562 et

409 594 455 633 in
485 594 597 646 reye'a
622 593 775 645 positos
807 593 987 633 trculunt.
1037 581 1162 634 Tusci
1185 595 1353 645 penates
1378 591 1560 633 Cererem
1591 595 1628 632 et
1645 591 1790 633 Palem
1818 596 1854 634 et
1877 593 2110 634 Fortunam

409 665 569 704 dieunt:
602 666 677 704 aut
708 666 807 707 certe
839 663 1069 704 secundum
1097 663 1349 705 Sallustium
1383 678 1407 704 a
1432 675 1550 717 rege
1576 662 1933 705 Dardanorum
1959 663 2112 717 Mida,

410 735 496 789 qui
528 734 808 789 Phrygiam
839 734 1019 775 tenuit.
1307 734 1311 735 ⁷

527 805 625 846 3⁶26.
674 816 816 847 FERVS
836 817 1048 846 IVPPITER
1075 820 1263 847 summae
1290 804 1559 846 necessitatis
1588 807 1669 858 est,
1697 819 1792 846 011111
1819 805 1949 846 etiam
1977 819 2111 847 sacer-

410 876 484 918 dos
522 877 567 917 in
611 876 803 918 convicia
845 877 933 917 ruit
977 877 1170 918 deorum:
1215 876 1328 931 quod
1373 878 1518 917 servat
1554 875 1775 931 Vergilius
1819 891 1872 917 ne
1910 890 2111 930 umquam

409 947 553 988 tradat
590 947 772 988 Aeneae.
836 946 994 988 ‘ferus'
1034 950 1177 990 autem
1215 947 1427 989 invidiose
1470 947 1629 988 dietum
1672 949 1754 1001 est,
1798 950 1835 988 et
1870 947 1925 988 acl
1961 950 2114 1000 tempas

409 1017 628 1071 epitheton:
670 1033 767 1059 nam
801 1017 988 1071 Iuppiter
1021 1033 1180 1073 aequus
1213 1020 1278 1059 est
1310 1017 1527 1071 omnibus,
1558 1019 1607 1058 ut
1639 1016 1705 1071 <X
1741 1018 1851 1072 112>
1883 1033 1969 1059 rex
1999 1017 2113 1071 Iup-

408 1089 546 1143 piter
583 1089 817 1130 omnibus
856 1088 996 1131 idem.
1057 1089 1157 1130 111110
1198 1092 1240 1130 et
1277 1088 1405 1142 paulo
1445 1090 1544 1142 post
1576 1088 1718 1142 <618>
1756 1088 1866 1142 ipse
1904 1089 2024 1130 deos
2062 1089 2115 1129 in

409 1158 647 1200 Dardana
679 1159 902 1200 suscitat
935 1175 1090 1214 arma,
1120 1159 1201 1201 1100
1234 1162 1299 1201 est
1331 1160 1403 1214 qui
1435 1159 1624 1214 aequalis
1658 1174 1750 1201 esse
1783 1160 2016 1201 consuevit.

527 1230 625 1271 327.
675 1247 796 1272 Aleoos
828 1247 1070 1272 TRANSTVLIT
1112 1231 1231 1284 quasi
1270 1231 1394 1285 (licat,
1434 1231 1506 1284 qui
1549 1230 1741 1282 defendas
1783 1231 1892 1283 quod
1926 1229 2113 1283 Iuppiter

411 1301 622 1342 transtulit
631 1301 653 1341 ‚¹2

529 1372 625 1413 328.
675 1389 834 1414 AlfDVVS
862 1372 927 1414 hic
951 1373 1079 1424 altus,
1110 1376 1156 1414 ut
1180 1373 1263 1415 illi
1290 1374 1450 1414 ardua
1475 1373 1646 1414 cervix.
1690 1375 1727 1413 et
1750 1372 1836 1413 icleo
1863 1370 2005 1425 <262>
2037 1372 2115 1412 cle·
2148 1426 2154 1430 Π

410 1443 611 1484 missum
643 1443 774 1496 lapsi
795 1458 887 1496 per
915 1444 1091 1495 funem.
1208 1455 1366 1485 MEDns
1399 1455 1445 1484 IN
1477 1454 1715 1484 MOENIBVS
1749 1442 1821 1484 ubi
1853 1457 1929 1483 arx
1960 1442 2116 1483 fuerat.

500 1526 710 1556 ADSTANS
742 1529 820 1569 pro
856 1518 996 1556 stans:
1030 1518 1072 1556 et
1104 1518 1169 1556 est
1200 1514 1429 1569 prothesis.

529 1585 627 1626 3⁴29.
678 1603 826 1627 FVNIJIT
848 1603 977 1633 EQVVS
1004 1586 1212 1628 Homerus
1239 1583 1464 1626 ἱππόθεν
1498 1582 1800 1638 ἐκχύμενοι.·
1832 1587 1869 1625 et
1892 1584 1948 1625 acl
1976 1584 2115 1625 veloci-

413 1659 533 1697 tatem
557 1659 595 1697 et
618 1657 674 1698 ad
697 1657 1011 1698 multituclinem.
1061 1660 1098 1697 et
1121 1670 1276 1707 sonore,
1305 1657 1424 1709 quasi
1448 1656 1581 1698 adhuc
1605 1655 1855 1697 descendant.
1946 1665 2114 1695 VICTOR

412 1727 625 1781 propositi
645 1727 828 1781 effector,
849 1729 896 1768 ut
916 1726 1228 1782 rapidusque
1253 1726 1384 1768 rotis
1411 1726 1656 1767 insistere
1683 1726 1861 1767 victor.
1952 1736 2114 1767 MISCET

414 1798 575 1839 scilieet
607 1798 818 1840 caedibus.

532 1871 630 1911 330.
679 1888 896 1912 mnsrmxnvs
930 1884 1013 1912 non
1050 1871 1148 1912 elicit
1187 1869 1305 1921 [illis]
1346 1868 1521 1910 Graecos
1557 1869 1774 1921 insultare,
1811 1869 1881 1909 secl
1909 1867 2114 1920 Sinonem,

420 1941 490 1993 qui
521 1941 606 1982 illis
637 1955 775 1983 nimos
798 1942 1045 1994 patefecerat
1075 1941 1188 1982 dolis.
1239 1943 1275 1981 et
1307 1938 1535 1981 ‘insultare'
1568 1940 1693 1980 estin
1718 1939 1898 1980 alienum
1929 1938 2115 1992 dolorem,

514 2072 532 2102 7
561 2068 796 2113 Sallustium]
825 2068 912 2103 hist.
939 2068 1070 2113 fragm.
1100 2067 1150 2101 ΠΙ
1177 2071 1220 2101 33
1247 2067 1309 2101 ΚΓ,
1341 2068 1352 2110 ΙΙ
1384 2071 1403 2100 9
1431 2077 1595 2100 summae
1621 2065 1853 2100 necessitatis
1880 2067 1936 2100 est
1961 2076 1991 2100 e.
2012 2077 2046 2109 q.
2068 2065 2112 2110 s.]

417 2115 460 2149 cf.
488 2116 591 2150 Luct.
619 2116 717 2151 Plae.
753 2116 800 2149 ad
828 2115 920 2150 Stat.
950 2115 1062 2149 Theb.
1090 2115 1105 2148 I
1132 2118 1176 2148 80
1202 2115 1212 2158 ΙΙ
1241 2118 1281 2148 17
1308 2113 1382 2159 1111]
1414 2125 1540 2159 georg.
1567 2113 1617 2147 ΠΙ
1645 2118 1687 2147 79
1713 2114 1725 2157 ΙΙ
1750 2116 1794 2147 20
1820 2112 2017 2157 Homerus]
2047 2112 2113 2147 Od.

417 2162 503 2197 VIII
531 2163 693 2207 5151122
721 2162 962 2208 rapidusque]
988 2173 1113 2207 georg.
1141 2162 1189 2196 111
1219 2165 1284 2195 114

513 2286 529 2314 1
564 2280 744 2324 apellauit
778 2280 808 2315 Ο
835 2282 846 2324 ΙΙ
878 2280 940 2324 (1111
977 2292 1020 2315 ex
1059 2279 1279 2314 samotraoia
1315 2279 1451 2314 troiam
1482 2280 1635 2323 penates
1667 2278 1803 2313 dieitur
1834 2289 1899 2313 om.
1934 2277 1964 2313 Ο
1997 2279 2112 2322 (supr.

416 2339 503 2362 rers.
531 2329 614 2362 add.
637 2328 694 2371 Οἳ)
714 2329 725 2371 ΙΙ
746 2332 765 2362 3
791 2328 1008 2372 penantium
1034 2328 1063 2362 G
1079 2329 1090 2372 ΙΙ
1111 2327 1306 2362 antestites
1334 2327 1364 2361 C
1379 2327 1390 2370 ΙΙ
1411 2337 1492 2360 saos
1519 2326 1716 2360 Lobeckius
1741 2326 1919 2370 Aylaopli.
1941 2336 1980 2369 p.
2003 2329 2113 2359 1292:

417 2387 501 2410 suos
529 2375 559 2409 G
595 2374 685 2409 Coes
713 2375 964 2409 Gutberletlzus
990 2376 1032 2409 (le
1057 2376 1129 2409 clu's
1157 2374 1300 2409 Cabiris
1326 2375 1339 2407 Ι
1369 2378 1421 2408 10.
1459 2373 1503 2416 cf.
1527 2376 1572 2407 H.
1594 2374 1791 2408 Kettnerus
1824 2373 1857 2406 V
1856 2383 1978 2407 arron.
2007 2372 2111 2407 Stud.

414 2434 449 2466 p.
478 2427 497 2457 9
525 2435 576 2466 sq.
609 2423 620 2466 ΙΙ
652 2426 672 2456 4
698 2421 915 2466 pen-antium
944 2422 974 2456 Ο
1001 2424 1012 2466 ΙΙ
1044 2426 1063 2456 5
1091 2422 1259 2461 hastatos
1288 2422 1512 2455 Masm'cins:
1539 2422 1678 2455 astatas
1707 2420 1737 2454 G
1770 2421 1815 2463 cf.
1841 2420 1996 2464 Dionys.
2024 2419 2112 2454 Hal.

418 2471 557 2513 antiqu.
585 2469 688 2503 Rom.
716 2470 731 2502 Ι
759 2474 802 2504 68
834 2470 845 2513 ΙΙ
878 2473 895 2502 7
923 2469 1024 2504 mida
1049 2480 1092 2503 eas
1117 2469 1207 2503 midi
1234 2469 1267 2501 L
1297 2469 1309 2512 ΙΙ
1340 2471 1360 2502 8
1393 2467 1541 2512 frigiam
1571 2468 1648 2502 GH
1675 2469 1686 2511 ΙΙ
1718 2472 1737 2501 9
1770 2468 1818 2501 acl
1842 2479 1873 2501 v.
1901 2471 1969 2501 326
2001 2466 2113 2501 Ferus

418 2516 599 2561 Iuppiter]
632 2516 813 2550 inuidioso
846 2516 987 2550 dictum
1023 2518 1078 2550 est
1110 2518 1147 2550 et
1179 2516 1224 2549 ad
1251 2517 1397 2559 tempus
1431 2515 1641 2558 epitheton:
1674 2526 1760 2548 nam
1786 2514 1952 2558 luppiter
1978 2525 2115 2557 aequus

418 2565 476 2597 est
500 2564 687 2605 omnibus,
720 2565 761 2597 ut
789 2564 871 2597 ‘rex
904 2563 1070 2607 Iuppiter
1101 2563 1269 2597 omnibus
1302 2562 1434 2596 idem'.
1470 2562 1506 2594 P
1535 2563 1546 2605 ΙΙ
1582 2566 1622 2595 10
1656 2561 1824 2596 conuicia
1851 2562 1915 2595 M:
1953 2560 2116 2595 conuitia

421 2610 585 2644 CLIII«)
614 2611 625 2653 Η
660 2614 700 2644 13
736 2610 851 2654 idem]
885 2609 975 2644 item
1007 2610 1045 2643 in
1070 2610 1130 2644 VI.
1165 2611 1260 2652 (129)
1298 2609 1427 2653 ‘pauci
1459 2620 1550 2652 quos
1583 2620 1722 2652 aequus
1755 2608 1895 2642 amauit
1926 2607 2112 2652 Iuppiter-²

420 2658 502 2691 aclzl.
530 2657 728 2691 1¹'abricizts
747 2658 758 2701 ΙΙ
781 2662 822 2691 14
849 2657 935 2700 quia
963 2657 1044 2691 GM
1065 2658 1076 2700 ΙΙ
1095 2656 1215 2700 qualis
1245 2656 1288 2689 ll
1303 2657 1314 2700 ΙΙ
1336 2661 1377 2689 15
1405 2656 1453 2690 acl
1481 2667 1509 2690 r.
1536 2660 1603 2690 327
1631 2657 1749 2700 Argos
1775 2654 1984 2700 transtulit]
2010 2654 2115 2698 quasi

419 2705 535 2747 dicat,
569 2704 632 2748 qui
664 2704 840 2738 defendas
872 2704 972 2747 quod
1003 2703 1168 2748 luppiter
1198 2703 1412 2738 transtulit?
1454 2702 1490 2736 P
1517 2704 1529 2747 ΙῙ
1561 2702 1648 2746 quid
1680 2702 1856 2737 defendas
1890 2702 1920 2736 0
1947 2703 1959 2746 Η
1993 2706 2034 2735 17
2068 2702 2116 2736 acl

419 2763 450 2787 u.
478 2755 546 2785 328
572 2751 733 2796 Arduus]
761 2750 922 2785 incultus
949 2751 1059 2795 (sies),
1085 2752 1126 2784 ut
1154 2750 1231 2784 ‘illi
1257 2750 1372 2784 ardua
1399 2750 1553 2784 eeruix'.
1599 2749 1730 2783 Mediis
1755 2749 1793 2783 in
1819 2749 2026 2794 moenibus]
2052 2747 2114 2782 ubi

421 2826 427 2832 .
452 2826 458 2832 .
481 2828 488 2834 .
515 2798 697 2843 prothesis
724 2797 921 2842 (protesis).
949 2798 984 2831 P
1004 2799 1015 2841 ΙΙ
1040 2797 1123 2832 ideo
1153 2797 1212 2831 02:
1239 2797 1298 2831 ide
1327 2797 1357 2831 G
1383 2799 1394 2840 ΙΙ
1426 2797 1617 2831 dimissum
1646 2796 1676 2831 C
1703 2798 1715 2840 Η
1749 2799 1789 2829 18
1816 2808 2005 2834 Μιςῡιιερνε
2034 2796 2082 2829 M
2104 2795 2115 2839 1]

422 2857 637 2880 mmm-:xnus
659 2845 689 2879 O
704 2847 715 2889 ΙΙ
737 2849 778 2879 19
805 2845 1012 2889 111·οΞ1110315
1041 2844 1070 2878 (J
1095 2844 1309 2888 (prosthesis
1333 2845 1420 2887 fuit)
1441 2846 1452 2888 ΙΙ
1473 2849 1515 2878 20
1543 2845 1591 2877 (ul
1616 2854 1646 2878 r.
1669 2847 1736 2877 329
1763 2843 1906 2887 Victor]
1934 2841 2114 2887 propositi

453 2921 458 2926 .
482 2921 488 2927 .
515 2893 646 2927 uictor.
676 2892 712 2925 P
741 2894 752 2936 ΙΙ
784 2903 917 2926 iunoex
944 2902 1153 2925 EKXINMENOI
1181 2892 1210 2925 (J
1238 2893 1249 2935 ΙΙ
1280 2891 1533 2936 velocitatem]
1560 2891 1791 2925 voluntatem
1818 2890 2011 2933 Scioppius
2036 2899 2115 2922 eno-

422 2941 511 2974 turit
530 2941 542 2984 Η
561 2944 604 2973 21
633 2941 670 2973 et
695 2951 826 2974 sonora
851 2938 1045 2982 Scioppius
1071 2939 1225 2972 enotavit
1245 2940 1257 2982 Η
1282 2939 1387 2981 quasi
1416 2938 1475 2972 0²:
1504 2950 1593 2981 quas
1621 2937 1678 2981 CH
1705 2941 1749 2971 ‘24
1774 2937 1823 2971 acl
1847 2947 1877 2971 v.
1905 2941 1973 2970 330
1999 2936 2115 2969 Insul-

422 2988 521 3031 tans]
550 2987 587 3021 id
613 2988 668 3021 est
694 2986 807 3021 Sinon
838 2987 1029 3021 subridens
1064 2986 1159 3020 illos.
1211 2988 1248 3019 et
1273 2985 1450 3020 insultare
1483 2987 1540 3019 est
1564 2984 1603 3018 in
1636 2983 1797 3018 alienum
1824 2983 1988 3017 dolorem
2015 2983 2113 3017 exul-

422 3035 512 3067 tare.
568 3034 823 3077 llipatentibus
850 3034 998 3078 adsunt]
1026 3033 1112 3076 quia
1138 3035 1234 3077 (que)
1261 3032 1430 3075 geminae
1457 3034 1541 3066 sunt
1565 3035 1704 3076 portae.
1733 3030 1768 3063 P
1781 3031 1792 3074 ΙΙ
1818 3034 1861 3063 25
1888 3030 1926 3064 in
1952 3029 2114 3064 alienum

424 3080 587 3114 dolorem
614 3081 773 3124 gaudere
799 3082 955 3115 enotavit
981 3080 1174 3123 Scioppius
