2204 3437
337 891 378 922 10

336 1248 378 1279 15

402 135 455 177 37
461 135 485 177 8
1166 130 1326 166 sERVH

398 245 642 298 yuberuator
662 243 823 285 Aeueae
850 242 951 294 fleat,
983 244 1054 296 qui
1072 243 1212 284 Aenea
1243 242 1289 283 de
1314 239 1461 282 Sicilia
1491 239 1548 279 aa
1570 237 1745 279 Italiam
1775 239 1951 280 veniente
1977 251 2095 291 prae-

402 317 590 371 cipitatus
621 316 667 357 iu
697 328 810 356 marc
841 328 985 356 nomeu,
1017 315 1062 356 iu
1094 314 1283 356 Lucania
1314 311 1442 353 monti
1473 309 1612 352 celebri
1642 309 1758 351 dedit.

521 388 617 429 203.
668 397 895 428 INCERTOS
917 397 1058 427 sonus
1084 386 1190 426 bene
1217 380 1456 435 ‘incertos’‚
1489 381 1589 435 quia
1615 380 1839 435 quantavis
1868 379 1923 420 sit
1949 379 2096 421 obseu—

402 460 526 512 ritas‚
559 460 704 498 tamen
735 455 871 497 noetis
907 458 970 496 est
1003 454 1232 497 manifesta
1264 451 1481 493 discretio:
1513 451 1623 492 unde
1657 451 1870 505 superflua
1903 442 2094 504 quaestio

406 531 470 570 est
496 543 642 570 eorum
669 527 740 581 qui
767 526 929 580 dicunt,
954 528 1042 568 tres
1064 526 1152 567 dies
1174 523 1384 579 quomodo
1411 522 1616 564 transisse
1638 521 1840 575 scierunt,
1867 520 1903 562 si
1924 522 2095 561 noctem

404 616 428 642 a
470 600 536 641 die
579 599 816 640 discernere
857 612 945 638 non
985 596 1214 651 poterant?
1277 608 1366 647 erqo
1411 591 1622 634 ‘incertos'
1662 593 1845 634 obscuros
1887 592 2009 645 dixit,
2051 593 2098 631 ut

403 670 491 724 <VI
518 671 631 724 270>
663 670 804 722 quale
831 683 917 722 per
947 670 1186 710 incertam
1219 667 1396 708 lunam.
1519 674 1668 705 CAECA
1701 674 1919 705 CALIGINE
1953 676 2097 704 cacen-

402 741 566 796 phaton
597 740 642 782 in
674 754 880 782 sermone.
1297 773 1301 777 .

521 813 618 854 204.
668 828 851 854 rim-mnus
878 827 1023 853 ermae
1054 813 1089 851 ez}
1119 809 1286 861 reliqua.
1335 807 1448 848 hine
1466 806 1665 858 Pelopis
1691 807 1855 858 aemes
1879 803 2096 844 Maleae·

404 899 490 938 que
532 885 764 927 sonantia
806 896 929 924 saxa
967 882 1293 922 circumstant
1324 879 1616 932 pariterque
1652 876 1809 917 undae
1847 878 2097 926 terraeque

405 957 672 997 mmmmm.
729 954 988 1008 pulsamur
1019 953 1179 994 saevis
1210 954 1252 992 et
1282 949 1697 991 circmnsistimur
1727 947 1885 988 uadis.
1940 945 1984 986 hi
2013 958 2096 986 ver-

404 1041 473 1069 sus
505 1026 767 1068 circumducti
799 1025 951 1065 {urenti
981 1024 1173 1065 dicuutur
1203 1025 1240 1063 et
1269 1025 1384 1063 extra
1410 1020 1610 1073 payfmam
1640 1019 1686 1059 iu
1717 1017 1878 1059 mmzdo.

523 1097 618 1139 205.
669 1107 939 1138 ATTOLLERE
966 1105 1069 1136 VISA
1100 1091 1357 1134 naturaliter
1389 1090 1512 1131 dixit:
1552 1088 1748 1144 quotiens
1783 1087 1895 1130 enim
1928 1085 2097 1140 propin-

407 1184 585 1224 quamus
618 1168 840 1221 litoribus,
872 1168 914 1206 et
947 1177 1170 1219 exsurgere
1202 1165 1318 1204 terra
1349 1160 1516 1203 videtur
1548 1162 1589 1200 et
1620 1159 1785 1200 fumum
1817 1158 2024 1199 emittere.

524 1240 621 1281 206.
670 1249 865 1280 APERIRE
906 1236 1148 1289 ostendere,
1187 1238 1235 1275 ut
1274 1232 1504 1275 Sallustius
1544 1233 1695 1285 caput
1734 1229 1935 1284 aperire
1975 1228 2100 1269 soli-

405 1315 499 1352 tus.
622 1308 809 1365 (APERIRE
826 1325 969 1350 PROCVL
989 1323 1140 1349 MONTES
1157 1303 1220 1361 Ac)
1249 1320 1422 1346 1'0L1'ERE
1446 1320 1590 1344 FVMI'M
1609 1315 1689 1355 pro
1721 1301 1964 1354 aperiuntur
1987 1313 2100 1340 mou-

406 1386 459 1424 tes
490 1396 538 1423 ac
566 1382 707 1434 fumus
737 1380 921 1421 volvitur.

524 1453 621 1493 207.
671 1450 790 1493 amus
821 1465 1063 1492 Jivsmcmws
1093 1450 1222 1500 ’tcum
1252 1459 1396 1496 remes,
1428 1457 1658 1495 auaremos,
1690 1443 1735 1484 id
1763 1445 1821 1484 est
1850 1444 2102 1495 exsurqeutes

403 1525 554 1577 fortius
584 1523 843 1576 remigamus.

502 1632 544 1663 15
573 1626 783 1671 Sallustius]
811 1625 897 1659 hist.
925 1624 1054 1669 fragm.
1076 1624 1109 1658 V
1131 1628 1173 1658 16
1194 1625 1255 1659 Kr.

405 1724 446 1757 iu
476 1733 590 1766 mam.
635 1723 707 1756 Iste
733 1721 926 1756 Palinurus
958 1719 1030 1754 fuit
1055 1718 1152 1753 filius
1176 1717 1261 1752 iasii
1285 1717 1510 1762 gubernator
1536 1726 1671 1750 aeneae
1698 1714 1761 1758 qui
1786 1713 1958 1748 ueniente
1985 1722 2101 1747 aenea

406 1770 452 1805 ad
490 1769 635 1803 italiam
667 1768 933 1813 praecipitatus
965 1767 1003 1800 in
1034 1777 1134 1800 mare
1168 1776 1303 1800 nomen
1334 1764 1372 1798 in
1402 1762 1550 1798 lucania
1583 1762 1718 1797 celebri
1751 1760 1867 1795 monti
1901 1759 2004 1794 dedit
2033 1760 2065 1793 T
2088 1760 2099 1806 Η

406 1817 475 1851 iasi
496 1817 535 1850 F
551 1818 562 1861 ΙΙ
583 1821 599 1850 1
628 1816 691 1860 qui
716 1818 842 1850 Aenea
868 1815 911 1849 de
940 1813 1067 1848 Sicilia
1092 1813 1247 1847 Daniel:
1273 1812 1407 1856 quinea
1433 1810 1584 1845 dificilia
1606 1810 1645 1843 F
1659 1811 1671 1853 Η
1689 1809 1796 1843 italia
1818 1807 1857 1841 F
1873 1808 1884 1851 ΙῙ
1904 1812 1923 1841 5
1944 1806 2011 1841 tris
2033 1806 2073 1841 F

408 1865 608 1909 quomodo]
637 1874 708 1907 quo
730 1863 762 1896 L
787 1874 897 1906 quem
925 1861 971 1896 ad
996 1861 1147 1895 modum
1170 1860 1217 1893 M
1234 1861 1245 1903 ΙΙ
1266 1864 1286 1900 6
1311 1859 1512 1903 potuerunt
1533 1858 1563 1892 O
1586 1857 1786 1902 potuerant
1806 1856 1817 1889 l
1836 1856 1848 1899 11
1868 1855 1916 1889 ad
1940 1854 2100 1889 incertos

405 1923 505 1955 supr.
532 1922 618 1946 vers.
652 1911 826 1945 obscuros
855 1910 886 1943 Τ
915 1910 926 1953 ΙΙ
958 1913 977 1943 8
1005 1908 1044 1942 in
1076 1907 1257 1951 sermone]
1288 1905 1479 1948 Quomodo
1511 1905 1590 1950 ipse
1617 1905 1715 1938 diem
1741 1904 1960 1945 noctemque
1986 1902 2100 1946 negat

408 1959 612 1993 discernere
645 1958 746 1992 caelo
781 1958 818 1991 et
847 1957 926 2001 ipse
959 1955 1050 1989 dicit
1077 1955 1165 1988 ‘tres
1192 1954 1282 1988 adeo
1308 1953 1510 1987 incertos'?
1549 1951 1719 1986 solvitur:
1752 1949 1812 1984 hie
1838 1948 2002 1983 narratio
2030 1950 2096 1983 est.

407 2006 502 2039 unde
529 2017 616 2049 ergo
642 2004 766 2048 potuit
790 2003 882 2038 scire
909 2003 938 2037 si
966 2001 1182 2036 ‘incertos’·?
1208 2000 1393 2044 quomodo
1421 2000 1523 2034 ‘tres’
1554 1998 1669 2033 dixit?
1694 2009 1768 2032 non
1787 1996 1881 2030 nulli
1904 1995 2094 2030 ‘incertos’

407 2053 580 2087 obscuros
612 2052 690 2086 dies
721 2052 872 2096 putant3
905 2050 1053 2084 fuerunt
1086 2059 1172 2093 ergo
1199 2048 1275 2082 sine
1303 2048 1396 2090 sole,
1429 2048 1470 2080 ut
1496 2048 1533 2080 et
1557 2047 1684 2080 noctes
1710 2044 1786 2078 sine
1814 2043 1941 2078 stellis,
1982 2043 2098 2077 Istone

407 2103 490 2134 teste
516 2100 598 2135 add.
627 2099 806 2141 Guelferb.
829 2099 856 2131 Ι
873 2099 884 2141 ΙΙ
904 2101 923 2132 9
950 2096 1166 2139 Maleaeque
1193 2095 1364 2130 sonantia
1385 2094 1608 2128 Masvz'ems:
1633 2092 1731 2126 male
1758 2089 2017 2134 equisonantia
2040 2089 2080 2123 F
2089 2090 2101 2135 Η

410 2151 453 2181 10
484 2146 697 2191 pariterque
724 2146 878 2179 Daniel:
909 2146 1088 2189 paterque
1116 2142 1156 2176 F
1183 2143 1194 2186 ΙΙ
1226 2142 1321 2176 unde
1352 2142 1521 2184 terreque
1550 2140 1589 2174 F
1616 2141 1628 2185 ss
1660 2144 1700 2173 11
1729 2138 1920 2183 pulsamur
1944 2137 2101 2171 Daniel:

407 2194 597 2238 pulsamus
624 2193 663 2227 F
679 2194 690 2237 ΙΙ
708 2193 769 2226 hie
797 2192 836 2226 F
851 2193 863 2237 11
885 2196 924 2225 13
953 2203 1033 2225 VISA
1058 2190 1138 2224 uisa
1162 2188 1382 2224 naturaliter
1409 2187 1439 2222 O
1455 2190 1466 2233 ΙΙ
1489 2191 1531 2221 14
1557 2188 1595 2222 et
1620 2196 1814 2230 exsurgere
1836 2212 1842 2218 .
1860 2212 1866 2218 .
1884 2212 1890 2218 .
1912 2183 2097 2229 emittere]

407 2243 506 2276 terra
531 2251 726 2286 exsurgere
753 2241 789 2274 et
814 2239 957 2273 fumum
983 2249 1026 2272 ex
1053 2248 1089 2271 se
1115 2236 1263 2271 uidetur
1289 2236 1458 2270 emittere
1480 2235 1529 2268 M
1545 2235 1556 2278 ΙΙ
1576 2245 1620 2268 ex
1646 2245 1683 2268 se
1709 2232 1880 2267 emittere
1901 2231 1939 2265 Ε
1956 2232 1968 2275 ΙΙ
1989 2234 2030 2265 15
2053 2232 2101 2265 ad

408 2289 551 2333 aperire
577 2299 676 2331 supr.
704 2298 791 2321 vers.
819 2286 1012 2321 ostendere
1039 2284 1179 2328 erigere
1205 2295 1270 2328 pro
1297 2283 1512 2327 aperiuntur
1537 2282 1681 2316 montes
1706 2281 1738 2314 T
1754 2281 1765 2324 ΙΙ
1785 2278 1905 2323 capud
1925 2278 1969 2312 H
1983 2279 1995 2321 {l
2015 2278 2099 2313 soli-

407 2336 487 2370 tum
514 2335 554 2369 F
588 2334 728 2370 solutus
754 2346 850 2368 ulan.
876 2344 943 2367 rec.
970 2334 1010 2366 iu
1035 2332 1068 2365 L
1087 2333 1099 2376 Η
1121 2336 1161 2365 16
1190 2332 1238 2365 ad
1263 2330 1412 2365 volvere
1438 2330 1580 2363 fumum
1605 2339 1705 2372 supr.
1731 2337 1819 2362 vers.
1845 2337 1912 2371 pro
1938 2325 2102 2359 uoluitur

409 2383 530 2417 fumus
561 2383 592 2416 T
609 2384 621 2426 ΙΙ
643 2386 684 2416 18
712 2393 795 2416 eum
821 2391 940 2415 remes
967 2390 1158 2414 anai-emes
1184 2379 1237 2412 vel
1263 2378 1467 2412 anciremos
1492 2376 1530 2410 id
1557 2377 1613 2410 est
1639 2375 1878 2418 exsurgentes
1897 2372 2028 2407 fortius
2046 2383 2101 2407 re-

409 2431 477 2464 mit
511 2432 632 2464 tamus
660 2429 699 2462 F
740 2440 823 2463 eum
854 2439 974 2462 remos
1006 2425 1107 2461 ane*
1130 2436 1259 2460 -remos
1291 2425 1329 2459 id
1362 2425 1417 2459 est
1450 2424 1685 2467 exsurgentes
1710 2420 1842 2455 fortius
1868 2420 2101 2454 remittamus

409 2478 545 2511 Daniel
583 2488 666 2511 cum
692 2475 801 2510 remis
828 2475 1060 2509 inhaerentes
1086 2473 1125 2507 id
1151 2474 1206 2507 est
1227 2472 1465 2516 exsurgentes
1484 2470 1615 2504 fortius
1636 2469 1861 2513 remigamus
1884 2467 2100 2501 Masvieius.

412 2525 524 2559 ‘Iocus
550 2527 759 2567 corruptus5
791 2534 892 2566 quem
925 2522 1009 2556 dedi·
1035 2532 1078 2555 ea:
1102 2521 1273 2554 Danielis
1299 2520 1425 2553 codice.
1465 2518 1704 2552 demittamus
1737 2515 1940 2560 quemlum,
1971 2514 2104 2548 scilicet

409 2573 449 2605 in
474 2583 580 2606 mare.
616 2572 666 2605 vel
691 2569 801 2603 remis
828 2570 876 2603 in.
903 2568 925 2603 f.
947 2568 1185 2612 remigamus'
1214 2567 1466 2607 Burmamzus,
1492 2565 1555 2609 qui
1579 2563 1688 2598 remis
1714 2563 1944 2607 insurgentes
1970 2560 2101 2595 fortius

409 2618 632 2663 remigamus
659 2618 809 2651 voluisse
828 2617 980 2650 videtur.
1007 2616 1159 2657 fortasse
1178 2627 1279 2647 nnius
1300 2624 1510 2647 ixsvnfflnvs
1531 2610 1787 2645 incumbimus.
1815 2608 1881 2643 alii
1903 2607 2028 2642 ‘remis
2047 2607 2101 2641 in-

412 2665 609 2710 surgimus’
639 2664 676 2698 id
703 2664 758 2698 est
783 2663 914 2697 fortius
940 2662 1175 2706 remigamus,
1209 2661 1329 2704 possis
1354 2663 1385 2694 ct
1404 2658 1660 2693 incumbimus.
1695 2668 1781 2691 sane
1801 2656 1839 2690 in
1859 2666 1977 2690 remos
1996 2654 2101 2688 incli-

410 2712 505 2754 nati,
538 2712 621 2745 inde
655 2712 891 2754 exsurgentes
924 2708 1055 2742 fortius
1087 2708 1320 2752 remigamus.
1359 2707 1432 2740 uisi
1463 2707 1555 2748 forte
1585 2705 1790 2739 scholiastes
1814 2703 1924 2737 remis
1948 2712 2015 2745 pro
2042 2702 2102 2735 ab·

411 2761 521 2794 latu-0
547 2759 712 2793 habuisse
737 2761 768 2791 et
793 2758 877 2791 haec
902 2758 975 2799 fere
1000 2756 1182 2799 scripsisse
1202 2755 1394 2798 putandas
1420 2757 1468 2788 est
1494 2764 1577 2787 cum
1603 2751 1729 2786 remis:
1755 2762 1842 2784 nam
1868 2748 2037 2783 inclinati
2061 2747 2101 2781 in

410 2818 540 2850 remos,
568 2806 653 2839 inde
681 2805 914 2848 exsurgentes
941 2803 1071 2836 fortius
1098 2801 1331 2845 remigamus.
1368 2801 1412 2843 cf.
1440 2801 1524 2834 (alu.
1552 2801 1630 2834 crit.
1658 2800 1706 2833 acl
1731 2809 1762 2832 v.
1784 2801 1852 2831 214
1880 2795 1952 2838 (ide
1975 2794 2013 2828 F
2032 2806 2101 2837 pro

410 2853 520 2896 inde).
559 2853 664 2887 schol.
691 2853 739 2885 (ul
764 2851 916 2885 Luem
943 2854 1009 2883 543
1037 2862 1057 2882 a
1081 2849 1228 2883 Jl'ebefro
1254 2849 1359 2884 edila.
1412 2848 1553 2882 Gra-cca
1579 2847 1686 2880 latere
1707 2848 1816 2888 putat
1842 2843 1888 2878 F.
1905 2842 2101 2877 Schoelu‘ns

411 2902 561 2942 sortasse
581 2896 856 2942 ἄναρρίπτομεν
877 2893 948 2931 ἅλα
969 2896 1085 2942 πηδῷ.
1113 2898 1157 2938 cf.
1176 2896 1238 2929 (ld.
1257 2896 1339 2929 XIII
1369 2891 1455 2928 ἕνθ’
1473 2892 1509 2928 οἵ
1533 2890 1827 2930 ἀνακλινθέντες
1852 2886 2100 2933 ἀνερρίπτουν

411 2944 481 2980 ἅλα
509 2947 614 2993 πηδῷ
642 2950 673 2980 et
698 2946 767 2979 VH
793 2950 872 2988 328,
900 2944 931 2977 X
948 2948 1013 2977 130
1033 2944 1044 2987 ΙΙ
1064 2944 1111 2977 cul
1135 2942 1245 2976 remis
1271 2942 1492 2986 insurgimus
1517 2952 1616 2984 supr.
1637 2950 1724 2976 vers.
1750 2939 1820 2972 hoe
1846 2939 1902 2971 est
1926 2936 2020 2969 uelis
2048 2935 2101 2969 di-

413 2994 532 3027 missis
558 2993 722 3037 cepimus
748 2992 923 3037 nauigare
951 2989 1132 3025 adiutorio
1158 3000 1341 3023 remorum
1372 2989 1403 3022 T
1425 2990 1437 3032 ΙΙ
1466 2989 1514 3022 ad
1540 2986 1665 3022 adnixi
1690 2984 1864 3027 torquent
1888 2994 1987 3027 supr.
2013 2993 2101 3016 vers.

411 3040 664 3074 incumbentes
697 3039 776 3084 giro
809 3038 919 3073 celeri
950 3038 1075 3072 rotant
1110 3037 1142 3070 Τ
1175 3036 1187 3080 ΙΙ
1224 3037 1271 3070 ad
1304 3039 1454 3070 uerrunt
1479 3046 1578 3078 supr.
1605 3044 1692 3068 vers.
1719 3031 1864 3065 sulcant
1889 3034 1920 3064 et
1945 3040 2100 3064 uerrere.

411 3086 518 3121 ferire
544 3088 753 3131 peruertere
783 3086 815 3119 Τ
