2204 3437
519 209 668 245 COMM.
695 210 747 245 IN
774 209 914 244 VERG.
941 210 1051 245 AEN.
1079 211 1122 245 ΙΙ.
1151 215 1299 246 61-69.
1666 213 1749 254 227

51 315 226 368 plurale.
346 327 579 358 INLVDERE
612 329 759 359 CAPTO
798 321 840 359 et
873 306 1039 358 ‘inludo
1079 317 1183 359 tibi'
1218 318 1414 373 dicimus,
1454 321 1500 359 ut
1531 319 1611 361 hoc
1643 320 1750 374 loco,

60 388 103 426 et
135 385 301 427 ‘inludo
334 386 412 440 te',
444 390 492 428 ut
523 387 611 441 <IX
643 389 755 442 631>
795 389 966 430 verbis
1001 389 1245 430 virtutem
1283 389 1455 430 inlude
1495 390 1752 444 superbis,

60 457 102 496 et
143 454 308 497 ‘inludo
347 457 392 497 111
429 457 506 501 te'.
574 458 712 499 simile
753 461 818 499 est
855 462 892 499 el
935 457 1154 500 einsulto’.
1215 460 1380 511 quidam
1420 459 1643 501 ‘inludere'
1677 475 1753 514 per

60 525 199 566 ludum
231 539 278 567 ac
309 527 439 567 iocum
470 528 621 569 saevire
646 529 690 569 iu
716 528 916 568 iniuriam
941 528 1116 569 alicuius
1142 529 1394 583 iutelleyunt,
1425 534 1471 571 ut
1500 531 1754 573 silvestres

1 585 3 606 ³
56 596 138 636 uri
168 596 371 638 adsidue
401 611 669 650 capraeque
698 611 924 651 sequaces
956 595 1241 654 (inludunt).
1283 599 1439 653 ‘capto’
1466 605 1617 653 autem,
1649 603 1755 654 quod
1780 608 1799 638 5

2 687 3 701 2
58 666 118 706 ua
152 665 327 707 Troiani
349 667 563 720 putabant.

2 727 3 730 ¹
177 737 243 779 65.
293 754 426 779 ACCIPE
454 738 570 788 audi,
601 742 647 779 ut
679 738 772 780 ‘da'
803 740 884 790 die,
916 743 963 781 ut
991 741 1076 792 qui
1105 741 1175 782 sil
1204 741 1263 782 da
1297 741 1466 796 Tityre
1496 744 1645 785 uobis.
1704 743 1709 750 ’

57 824 230 849 msmffls
267 809 441 849 servavit
470 809 650 849 ordinem
684 811 955 862 respondendo
986 811 1042 851 acl
1070 811 1191 865 illud,
1222 812 1329 864 quod
1357 815 1498 866 reema
1529 815 1752 869 iuterroya-

57 880 171 918 verat
205 876 253 929 <I
293 877 405 931 754>
450 879 689 934 iusidias,
735 880 913 932 iuquit,
950 880 1190 922 Danaum.
1318 894 1511 924 cliNE
1554 896 1612 924 AB
1656 896 1751 925 vNo

57 946 138 988 1100
170 949 234 988 est
266 963 410 1002 causa,
442 951 491 989 ut
523 948 589 1001 <X
625 950 733 1002 188>
775 950 965 992 crimen
1006 965 1142 992 amor
1181 955 1423 994 vestrum:
1465 954 1516 994 ab
1557 969 1606 995 eo
1639 954 1751 1008 quod
1780 959 1820 989 10

56 1018 273 1071 praecedit
313 1018 355 1058 id
397 1018 507 1072 quod
549 1019 753 1073 sequitur.
825 1020 861 1061 si
903 1021 1015 1061 enim
1058 1021 1311 1075 simpliciter
1351 1023 1614 1065 intellexeris
1656 1024 1751 1065 ‘cri-

57 1087 203 1142 mine',
245 1088 295 1130 de
336 1089 510 1142 negotio
543 1089 595 1129 ad
626 1104 855 1148 personam
894 1091 1097 1132 vitiosum
1137 1093 1365 1134 transitum
1403 1093 1521 1135 facis.
1584 1095 1658 1135 alii
1691 1096 1751 1136 sic

56 1158 205 1211 legunt
237 1158 454 1200 ‘Danaum
486 1159 665 1200 insidias
699 1151 741 1201 et
773 1160 984 1203 crimina'.

171 1230 238 1270 67.
290 1241 531 1271 TVRBATVS
560 1230 681 1284 quasi
708 1231 923 1285 turbatus,
951 1233 998 1272 ut
1026 1232 1114 1285 <XI
1141 1233 1254 1287 648>
1281 1234 1482 1276 exultat
1511 1233 1750 1290 Amazon,

54 1299 94 1339 id
128 1303 193 1340 est
224 1301 344 1353 quasi
377 1300 580 1341 Amazon.
702 1305 739 1342 el
772 1301 844 1343 hoc
881 1303 936 1343 acl
970 1304 1091 1355 fidem
1119 1304 1375 1355 faciendam:
1414 1319 1496 1347 uon
1528 1308 1636 1348 euim
1668 1310 1750 1347 tur-
1779 1311 1819 1341 15

2 1383 3 1427 }
55 1369 187 1424 batus,
218 1384 344 1423 supra
375 1371 483 1412 euim
514 1372 576 1411 aa
607 1370 696 1412 eseu
728 1385 887 1413 versare
918 1373 1045 1427 dolos,
1083 1387 1151 1414 seu
1183 1378 1311 1416 certae
1342 1377 1565 1418 occumbere
1595 1376 1750 1418 mora&

172 1457 335 1483 [Nemus
373 1442 540 1494 quidam
578 1443 746 1495 supplex
792 1444 1012 1496 accipiunt,
1059 1447 1106 1485 ul
1145 1444 1193 1497 <Ι
1231 1445 1344 1499 487>
1390 1448 1752 1501 tendentemque

54 1524 226 1553 manus
256 1511 515 1553 Priamum
546 1514 800 1566 conspexit
828 1515 1045 1556 inermes.

3 1630 5 1635 .
171 1582 238 1622 69.
288 1594 383 1624 HEV
416 1582 541 1624 modo
574 1599 658 1625 una
691 1587 755 1626 est
787 1585 973 1639 syllaba,
1007 1586 1078 1626 sed
1111 1586 1326 1628 interdum
1357 1590 1532 1642 propter
1565 1590 1749 1629 metrum

3 1659 5 1685 ἐ
55 1652 160 1693 (luae
187 1653 311 1706 fiunt,
352 1655 400 1693 ut
441 1653 564 1694 eheu
607 1669 752 1708 quam
785 1655 967 1709 pingui
1006 1671 1170 1697 macer
1212 1660 1289 1698 est
1328 1658 1450 1699 mihi
1489 1660 1665 1700 taurus
1699 1659 1749 1699 in
1775 1664 1819 1693 “20

55 1736 191 1776 ervo,
231 1722 341 1763 sicut
380 1722 590 1776 ‘prendit'
623 1712 672 1765 ⁷et
711 1724 991 1779 <prehendit',
1036 1728 1077 1766 et
1119 1727 1349 1768 secundum
1386 1728 1573 1770 Plinium
1612 1730 1749 1770 multa

55 1795 153 1833 sunt
184 1792 302 1834 talia.
425 1805 602 1835 TELLVS
638 1797 679 1836 et
711 1807 930 1846 AEQVORA
960 1797 1067 1838 bene
1102 1798 1302 1839 conciliat
1334 1800 1666 1854 miserationem,
1698 1800 1748 1840 de

5 1853 7 1856 Α
55 1863 349 1904 communibus
391 1863 556 1906 duobus
599 1865 793 1907 exclusus
834 1867 1070 1908 elementis.
1134 1883 1235 1909 sane
1276 1868 1449 1911 ‘tellus’
1489 1869 1580 1911 ‘us'
1620 1871 1748 1925 longa

6 1943 7 1987 ζ
55 1936 137 1974 est:
171 1936 212 1974 et
244 1937 342 1974 sunt
373 1949 509 1988 pauca
541 1951 649 1991 quae
682 1936 773 1978 ‘us'
806 1938 1063 1992 producunt,
1096 1941 1143 1980 ut
1176 1927 1369 1980 senectus
1402 1940 1598 1982 iuventus
1632 1941 1747 1982 salus

6 2011 7 2014 ’
53 2003 189 2044 virtus
221 2004 344 2058 palus
379 2006 560 2047 servitus
594 2006 711 2047 incus
738 2009 807 2047 tus
835 2022 906 2048 rus
934 2022 1027 2048 mus
1054 2023 1152 2062 pus,
1184 2010 1285 2050 tunc
1311 2009 1476 2050 scilicet
1502 2024 1596 2050 cum
1623 2024 1746 2066 gene-
1773 2015 1817 2045 25

6 2072 9 2124 ᾗ
52 2074 168 2115 tivus
200 2074 245 2115 in
277 2074 376 2116 ttis'
409 2076 476 2117 vel
508 2076 553 2117 in
587 2075 688 2133 ‘ris’
722 2077 809 2118 exit
840 2080 882 2119 et
914 2078 1045 2119 habet
1076 2079 1385 2132 paenultimam
1417 2080 1605 2134 longam.
1653 2081 1747 2123 ideo

149 2218 166 2247 1
194 2219 232 2248 et
255 2214 382 2249 inludo
408 2215 478 2249 tibi
504 2227 595 2259 0.,(1.
624 2216 667 2261 s]
705 2216 749 2251 cf.
775 2217 867 2251 Don.
895 2217 942 2251 ad
969 2217 1049 2253 Ter.
1077 2218 1188 2251 Andr.
1214 2218 1265 2252 IV
1291 2222 1323 2262 4,
1352 2222 1393 2253 19
1421 2220 1459 2253 et
1483 2218 1629 2253 Phorm.
1656 2220 1689 2254 V
1716 2224 1746 2263 7,

54 2264 96 2294 22
122 2262 134 2304 ΙΙ
165 2264 186 2294 4
211 2261 414 2307 silvestres]
441 2274 564 2307 georg.
593 2263 625 2296 II
652 2267 720 2297 374
745 2265 756 2308 ΙΙ
789 2268 806 2298 7
832 2264 897 2308 ’(1111
923 2263 986 2308 sit]
1021 2264 1100 2298 buc.
1127 2265 1143 2298 Ι
1172 2268 1213 2299 18
1243 2266 1254 2309 ΙΙ
1288 2268 1330 2299 14
1357 2265 1461 2309 quasi
1486 2266 1673 2312 turbatus]
1703 2267 1746 2302 cf.

53 2307 145 2341 Don.
172 2308 219 2342 ad
245 2308 326 2342 Ter.
353 2320 433 2344 eun.
459 2309 511 2343 HI
539 2314 570 2353 5,
597 2314 641 2345 48
678 2311 690 2354 ΙΙ
727 2314 771 2345 20
798 2310 906 2355 eheu]
940 2311 1021 2346 buc.
1048 2311 1099 2345 HI
1127 2315 1192 2346 100
1221 2312 1331 2346 ‘heuz
1358 2313 1431 2347 heu
1457 2323 1569 2356 quam
1594 2314 1744 2358 pingui'

54 2364 84 2388 e.
112 2366 146 2398 q.
174 2366 200 2390 s,
220 2355 232 2399 ΙΙ
251 2359 294 2389 23
322 2366 408 2390 sane
434 2356 543 2390 tellus
569 2367 598 2390 e.
627 2369 660 2400 q.
688 2357 732 2402 0.]
760 2357 805 2391 cf.
833 2357 931 2392 Serv.
959 2357 997 2391 in
1023 2358 1114 2392 Don.
1141 2371 1176 2403 p.
1203 2362 1282 2402 462,
1310 2363 1354 2392 30
1374 2359 1418 2394 Κ,

147 2487 166 2516 2
193 2485 234 2518 ut
259 2483 394 2529 verb'is]
422 2486 479 2518 uu
503 2485 625 2519 uerbis
653 2485 748 2531 0113
775 2487 813 2520 in
839 2489 875 2521 te
901 2488 943 2521 ut
968 2487 1066 2531 apud
1085 2487 1297 2521 Terentium
1320 2488 1355 2521 D
1374 2489 1386 2531 ΙΙ
1405 2488 1556 2531 quidam
1579 2489 1641 2523 0²:
1667 2490 1745 2533 qui-

54 2529 138 2563 dem
166 2530 223 2574 ΟΙΙ
248 2535 269 2564 4
295 2542 338 2565 ac
363 2543 406 2565 ec
433 2543 474 2566 oc
502 2532 558 2577 CH
584 2537 601 2567 7
630 2534 678 2567 acl
702 2545 734 2568 v.
761 2537 805 2567 65
831 2533 983 2579 Accipe]
1011 2534 1097 2568 audi
1124 2561 1130 2567 .
1161 2563 1166 2568 .
1195 2562 1202 2568 .
1229 2534 1345 2569 nobis.
1398 2534 1556 2570 Crimine
1583 2536 1630 2570 ab
1656 2536 1744 2581 11110]

12 2614 13 2620 ¹
51 2576 122 2611 hoc
155 2582 210 2611 est
242 2588 351 2612 causa
378 2606 384 2613 .
413 2607 419 2612 .
448 2606 453 2613 .
481 2581 518 2613 et
547 2579 694 2615 crimen.
725 2580 761 2613 P
783 2582 794 2625 ΙΙ
826 2584 868 2614 12
896 2581 986 2615 facit
1013 2581 1055 2615 P.
1089 2582 1229 2615 citcmdl
1254 2583 1356 2626 siquo
1382 2594 1488 2626 super
1513 2583 1605 2617 facis
1625 2585 1745 2627 posito

51 2623 228 2658 uitiosum
262 2627 319 2659 est
352 2625 396 2659 de
434 2627 583 2670 negotio
616 2627 661 2661 ad
693 2638 886 2671 personam
917 2627 1072 2662 transire
1105 2628 1165 2662 1101
1200 2628 1243 2662 de
1277 2640 1432 2673 persona
1463 2630 1509 2663 ad
1541 2631 1744 2674 negotium.

53 2670 116 2704 sed
144 2671 188 2704 de
216 2682 325 2705 causa
351 2672 398 2706 ad
424 2684 573 2707 causam
599 2675 637 2708 et
661 2686 817 2718 persona
842 2675 890 2708 ad
914 2685 1108 2719 personam
1135 2686 1207 2710 non
1230 2678 1286 2710 est
1311 2675 1485 2710 uitiosum
1506 2678 1517 2710 l
1543 2678 1582 2710 in
1602 2689 1712 2721 fuearq.
1735 2677 1745 2721 11

55 2721 95 2751 13
124 2717 277 2752 crimina
304 2719 415 2752 ME]
435 2720 610 2758 ⁴,crimine
638 2721 722 2754 LH
761 2721 898 2755 crimen
928 2720 998 2755 GP
1027 2723 1038 2766 {l
1072 2726 1113 2755 14
1140 2723 1247 2766 quasi
1278 2724 1464 2768 turbatus]
1498 2724 1588 2758 facit
1621 2726 1743 2758 autem

51 2763 220 2809 uir-gilius
247 2765 457 2809 frequenter
481 2770 524 2801 ut
549 2767 643 2801 hanc
669 2768 890 2812 particulam
916 2768 1109 2803 subtrahat
1135 2770 1216 2804 aad.
1244 2769 1283 2803 Ε
1307 2773 1339 2803 et
1365 2771 1376 2803 l
1401 2771 1441 2803 iu
1466 2782 1578 2814 marg).
1599 2773 1610 2814 Η
1638 2775 1678 2804 15
1706 2770 1744 2803 id

14 2833 15 2836 =
53 2812 108 2844 est
133 2822 198 2845 om.
228 2812 257 2846 C
285 2814 297 2856 Η
331 2817 371 2846 16
399 2813 503 2847 dolos
529 2825 572 2847 cae
597 2814 702 2848 dolor
729 2815 758 2849 Ο
786 2816 798 2859 ΙΙ
831 2819 871 2849 17
900 2816 1053 2859 supplex
1082 2815 1143 2849 02.-
1170 2817 1298 2860 suplex
1326 2816 1355 2850 C
1379 2818 1391 2860 ΙΙ
1424 2821 1465 2851 18
1492 2817 1655 2851 inermen
1683 2817 1713 2850 (J

55 2861 96 2892 19
123 2859 172 2892 acl
190 2870 221 2893 v.
242 2863 286 2893 69
313 2859 409 2904 Heu]
436 2861 546 2895 modo
575 2889 580 2895 .
603 2888 609 2895 .
633 2888 639 2894 .
667 2861 797 2905 pingui
821 2872 959 2905 macer,
986 2861 1081 2896 sicut
1106 2862 1253 2906 prendit
1276 2891 1282 2896 .
1306 2891 1311 2896 .
1335 2892 1341 2898 .
1369 2865 1453 2897 sunt
1479 2864 1578 2897 talia.
1619 2864 1743 2897 Tellus

15 2947 16 2950 Ἴ
54 2906 91 2938 et
116 2906 290 2950 aequora]
323 2906 416 2940 bene
442 2907 536 2949 †ale
570 2908 743 2942 conciliat
774 2919 874 2942 suam
912 2908 1112 2952 miseriem,
1152 2909 1238 2953 quia
1265 2911 1386 2953 (quac)
1414 2910 1541 2943 Graeci
1568 2910 1745 2944 tenebant

53 2952 187 2994 maria,
213 2952 362 2986 Troiani
385 2954 513 2988 icrras.
558 2965 644 2988 sane
673 2955 811 2989 ‘tellus’
840 2967 882 2989 us
908 2955 1020 3000 longa
1046 2957 1111 2990 est.
1158 2958 1195 2990 et
1222 2967 1339 3000 pauca
1365 2958 1450 2989 sunt
1474 2968 1567 2999 quae
1595 2969 1635 2990 us
1661 2968 1742 3001 pro-

16 3003 19 3040 }
54 2997 206 3041 ducunt,
244 3000 286 3033 ut
320 3002 488 3034 senectus
524 3000 712 3044 iuuentus,
751 3004 836 3036 tunc
876 3002 1017 3037 scilicet
1050 3030 1056 3036 .
1085 3031 1092 3038 .
1120 3029 1126 3035 .
1161 3002 1369 3045 sterilisque
1407 3003 1644 3046 (παι-11101100)
1680 3003 1742 3037 diu

16 3074 17 3082 ,
53 3045 157 3087 palus
193 3046 228 3079 P
244 3047 255 3089 ΙΙ
275 3050 318 3080 20
339 3047 431 3081 fiunt
456 3058 520 3082 om.
543 3048 575 3081 J.
594 3049 605 3092 ΙΙ
625 3048 718 3082 eheu
744 3048 931 3082 CI’ME:
956 3049 1029 3083 heu
1050 3050 1081 3082 L
1114 3060 1158 3083 eu
1178 3049 1247 3093 ΠΗ
1267 3053 1307 3082 21
1337 3060 1425 3083 aruo
1446 3049 1532 3083 Lc'2
1551 3051 1562 3094 Η
1582 3054 1624 3084 22
1651 3050 1743 3084 talia

17 3125 19 3137 ι
57 3089 144 3123 GP:
169 3092 242 3126 alia
268 3093 450 3126 LHME
467 3096 478 3138 ΙΙ
497 3099 540 3128 23
569 3094 759 3130 elementis
786 3095 872 3139 quia
898 3095 1029 3130 Graeci
1056 3098 1105 3139 (p.
1134 3099 1211 3137 228,
1234 3097 1267 3138 0)
1297 3123 1302 3129 .
1333 3124 1338 3129 .
1368 3123 1373 3129 .
1401 3096 1603 3131 aduertere.
1656 3108 1743 3131 sane

14 3144 19 3183 -J
53 3137 164 3171 tellus
185 3165 191 3171 .
215 3166 221 3172 .
245 3166 250 3172 .
273 3141 498 3182 aequalitate
521 3142 550 3173 C
566 3143 576 3185 ΙΙ
596 3146 639 3175 ⁴24.
661 3142 758 3176 salus
781 3170 786 3176 .
811 3171 817 3177 .
840 3170 846 3177 .
867 3154 934 3186 pus
961 3153 1025 3177 om.
1049 3142 1079 3175 C
1094 3143 1106 3185 11
1125 3146 1168 3175 26
1190 3142 1279 3176 exiit
1300 3141 1329 3176 C
1344 3144 1356 3186 ΙΙ
1374 3143 1640 3186 peneultimam
1660 3144 1746 3178 ΗΡ

1393 3203 1460 3235 15*
