2204 3437
310 924 351 954 10

312 1277 353 1307 15

313 1631 357 1661 20

319 1984 362 2014 25

371 169 427 210 54
1135 161 1295 198 SERVII

493 277 587 318 115.
643 294 686 319 [Ν
712 292 857 318 prppm
883 287 962 328 pro
998 272 1199 326 puppim:
1242 270 1402 312 addidit
1439 269 1788 322 praepositionem.
1921 283 2068 310 PRONVS

371 347 551 403 πρηνής.
609 361 691 389 non
721 347 828 388 nulli
858 359 955 388 sane
987 341 1202 398 ‘pronum’
1236 340 1520 383 (adverbialiter
1558 339 1704 392 leyunt.
1833 349 2067 380 MAGISTER

374 419 622 472 Leucaspis,
667 420 715 458 ut
757 417 802 457 in
846 418 966 457 sexto
1004 414 1115 455 libro
1154 410 1454 464 Leucaspim
1494 411 1542 450 et
1579 409 1764 464 Lyciae
1808 409 2066 451 ductorem

375 490 558 531 classis
592 488 847 530 Orontem.

497 560 589 601 116.
639 570 727 599 TER
761 557 950 611 saepius,
988 555 1135 596 finitus
1167 567 1368 595 numerus
1401 565 1478 605 pro
1510 550 1690 592 infinito.
1753 550 1924 592 crebros
1957 550 2070 591 enim

375 632 530 672 fluctus
562 629 665 670 facit
692 628 869 683 Aquilo,
900 628 949 668 ut
976 624 1206 667 Sallustius
1239 622 1525 664 crebritate
1557 620 1808 661 fluctuum
1839 622 1892 661 ut
1917 619 2071 674 Aqui-

374 702 489 743 lone
522 700 667 742 solet.
728 699 787 740 vet
818 700 917 739 certe
947 696 1054 750 quod
1078 694 1229 737 Graeci
1258 694 1492 748 τρικυμίαυ
1524 691 1747 745 appellant,
1778 693 1825 732 ut
1848 690 2072 733 Sallustius

376 772 571 825 triplici
605 771 777 823 fluctu.
839 779 1000 810 IBIDEM
1041 763 1241 807 tibidem'
1276 766 1318 805 et
1349 760 1567 804 <Ubinam>
1606 761 1734 802 multi
1766 761 1965 803 dubitant
1996 761 2072 802 ubi

377 856 468 884 esse
507 841 660 882 debeat
698 842 918 893 accentus,
960 837 1060 892 quia
1098 834 1201 877 ‘ibi’
1242 837 1283 876 et
1322 832 1437 875 ‘ubi'
1476 831 1733 874 naturaliter
1772 832 1922 873 breves
1962 834 2072 886 sunt,

379 913 452 954 sed
490 912 655 954 ratione
696 910 920 952 finalitatis
959 909 1208 963 plerumque
1245 905 1537 960 producuntur
1574 903 1619 944 in
1655 917 1797 957 verSU,
1833 903 2071 945 nescientes

378 984 487 1026 hanc
514 996 605 1025 esse
631 982 861 1034 rationem,
894 980 994 1035 quia
1018 977 1382 1033 pronuntiationis
1411 990 1539 1017 causa
1562 978 1711 1016 contra
1730 989 1854 1016 usum
1873 974 2075 1016 Latinum

379 1054 556 1109 syllabis
589 1053 771 1107 ultimis,
813 1051 965 1106 quibus
997 1048 1234 1104 particulae
1275 1047 1583 1101 adiunguntur,
1622 1047 1820 1087 accentus
1859 1045 2077 1099 tribuitur,

378 1129 426 1167 ut
459 1122 706 1179 emusaque’
741 1121 912 1164 ‘illene'
947 1119 1178 1162 ‘huiusce'.
1242 1119 1302 1160 sic
1335 1131 1437 1172 ergo
1471 1119 1513 1158 et
1545 1115 1758 1158 ‘ibidem'.

501 1196 595 1237 117.
647 1211 819 1241 TORQVET
835 1208 960 1235 AGENS
979 1208 1123 1234 CIRGVM
1150 1191 1196 1232 *m
1216 1203 1365 1244 yyrum
1391 1188 1640 1241 circumayit.
1768 1203 1917 1228 VERTEX
1946 1189 2078 1228 vertcoe

380 1268 530 1309 (licitur
561 1267 804 1308 circumacta
834 1265 880 1305 ‘in
910 1277 950 1305 se
980 1263 1094 1310 amsla
1125 1265 1161 1303 et
1189 1274 1292 1314 quae
1322 1260 1440 1313 quast
1471 1259 1626 1300 sorbere
1655 1259 1866 1299 videatur:
1897 1258 2005 1310 quod
2032 1258 2080 1299 cle

381 1337 585 1391 Charybdt
617 1337 762 1390 Zeyitm·
792 1338 935 1387 atquc
966 1335 1058 1374 imo
1090 1331 1318 1374 barathri
1343 1334 1413 1372 tcr
1434 1330 1630 1383 {sumite
1654 1331 1817 1370 vastos
1840 1328 1999 1370 sorbet
2028 1328 2079 1369 in

381 1409 643 1461 abruptum
671 1406 876 1459 fluctu-s,
908 1406 954 1447 dc
984 1418 1065 1457 (sua
1097 1403 1159 1444 ait
1188 1401 1412 1445 Sallustius
1444 1400 1738 1454 Charybdis,
1769 1413 1901 1441 mare
1931 1399 2079 1440 verti-

382 1492 551 1521 cosum.
1827 1516 1833 1522 ·

503 1550 599 1591 118.
648 1559 886 1589 APPARENT
913 1546 1031 1588 aliud
1057 1547 1121 1586 est
1146 1543 1337 1598 ‘parere’
1366 1547 1407 1585 et
1434 1543 1550 1585 aliud
1577 1541 1838 1597 ε31)]03101οἲ
1888 1540 2081 1596 ‘parere’

385 1621 497 1662 enim
548 1622 614 1661 est
664 1618 882 1672 oboedire,
932 1620 980 1658 ut
1023 1618 1170 1671 paret
1219 1629 1359 1657 amor
1404 1614 1583 1668 dictis,
1634 1612 1882 1668 ‘apparere'
1928 1615 2082 1667 autem,

384 1691 537 1745 videri,
575 1692 623 1731 ut
661 1690 875 1744 apparet
914 1686 1112 1742 liquido
1153 1685 1391 1727 sublimis
1431 1685 1478 1726 in
1523 1688 1636 1726 aere
1667 1684 1835 1726 Nisus.
1898 1686 1941 1725 et
1977 1684 2083 1725 haec

386 1761 629 1804 observatio
662 1760 893 1814 diligenter
919 1757 1125 1800 custodiri
1150 1757 1294 1811 debet,
1326 1756 1427 1797 licet
1453 1770 1546 1797 eam
1573 1757 1766 1797 auctores
1799 1755 1927 1796 metri
1959 1769 2083 1796 causa

385 1834 635 1887 plerumque
675 1832 961 1884 corrumpant.
1087 1839 1196 1869 ΒΑΜ
1241 1827 1308 1868 vel
1349 1828 1523 1880 propter
1561 1826 1692 1867 maris
1730 1825 2084 1881 magnitudinem,

386 1904 454 1945 vel
487 1903 588 1957 quia
617 1917 703 1943 una
733 1900 917 1956 perierat
948 1899 1081 1940 navis.
1128 1898 1188 1939 vel
1220 1896 1350 1938 ‘rard’
1382 1898 1430 1938 de
1464 1897 1623 1950 wmltis,
1660 1900 1706 1938 ut
1735 1897 1917 1938 ostendat
1945 1897 2085 1938 statim

388 1975 492 2016 alios
510 1974 651 2027 plures
668 1973 849 2025 periisse.
882 1974 918 2012 ct
941 1970 1136 2024 quomodo
1156 1967 1404 2022 ‘apparent'‚
1435 1969 1471 2009 si
1497 1967 1631 2021 ‘ponto
1656 1981 1738 2009 nox
1762 1968 1927 2009 incubat
1943 1966 2084 2009 atra'?

387 2048 461 2086 aut
490 2045 587 2097 quia
620 2043 787 2085 ‘crebris
812 2043 935 2083 micat
959 2041 1121 2095 iynibus
1145 2038 1316 2092 aether-²,
1347 2042 1421 2079 aut
1449 2039 1547 2092 quia
1573 2042 1666 2080 ante
1690 2039 1821 2092 ipsius
1852 2039 1985 2081 oculos
2015 2038 2087 2080 hoc

484 2176 503 2206 3
535 2171 574 2205 in
605 2172 707 2205 sexto
739 2169 851 2215 libro]
885 2173 952 2203 334
978 2170 989 2213 ΙΙ
1021 2173 1040 2203 6
1069 2166 1279 2213 Sallustius]
1316 2166 1400 2201 hist.
1432 2166 1563 2211 fragm.
1591 2167 1642 2201 ΠΙ
1669 2170 1712 2201 52
1740 2166 1851 2200 Kritz.
1878 2167 1890 2210 ΙΙ
1923 2171 1941 2201 7
1969 2166 2087 2201 Sallu-

391 2219 498 2264 stius]
525 2218 610 2252 hist.
632 2218 762 2262 fragm.
784 2217 834 2251 IV
855 2221 899 2251 38
919 2216 1031 2251 Kritz,
1052 2218 1063 2260 ΙΙ
1084 2220 1127 2249 14
1148 2227 1306 2253 Tonovm*
1329 2243 1335 2248 .
1358 2242 1365 2248 .
1388 2242 1393 2248 .
1417 2214 1652 2260 circumagit]
1679 2213 1772 2249 Non.
1793 2226 1827 2258 p.
1849 2218 1928 2257 413,
1949 2217 1992 2248 25
2008 2213 2056 2248 M.
2076 2213 2088 2258 Η

391 2271 434 2301 16
460 2268 570 2310 atque
596 2265 687 2309 imo]
722 2266 763 2298 A.
790 2265 840 2298 Ill
866 2268 932 2298 421
964 2265 975 2307 Η
1008 2267 1049 2297 17
1078 2262 1289 2307 Sallustius]
1322 2260 1409 2295 hist.
1436 2261 1567 2306 fragm.
1594 2261 1642 2296 IV
1663 2265 1706 2296 37
1733 2261 1846 2295 Kritz.
1873 2262 1884 2305 ΙΙ
1919 2265 1959 2295 19
1987 2261 2088 2296 3111111

391 2315 446 2348 est
471 2324 500 2348 e.
528 2325 561 2356 q.
590 2312 633 2357 s]
661 2311 744 2345 lsid.
773 2310 848 2345 diff.
876 2311 974 2345 verb.
1003 2314 1043 2344 31
1072 2311 1083 2354 ΙΙ
1109 2313 1152 2344 20
1179 2309 1300 2354 paret]
1327 2309 1369 2344 A.
1396 2309 1412 2343 I
1439 2312 1504 2343 689
1531 2310 1542 2353 ΙΙ
1569 2312 1611 2342 21
1640 2309 1811 2354 apparet]
1838 2319 1963 2353 georg.
1984 2308 2000 2342 Ι
2020 2311 2088 2342 404

487 2436 504 2465 1
528 2432 576 2466 ad
590 2442 619 2465 v.
638 2434 703 2464 115
724 2430 765 2463 In
785 2429 939 2473 puppim
958 2427 1129 2474 (pupim)]
1152 2438 1218 2472 pro
1235 2426 1391 2471 puppim
1405 2425 1580 2470 (pupim);
1602 2426 1747 2461 addidit
1764 2425 2087 2471 praepositionem.

391 2479 583 2524 Magister]
611 2477 819 2520 LeucaspiS.
851 2476 885 2509 Ρ
914 2477 925 2520 ΙΙ
957 2480 975 2509 3
1002 2475 1193 2519 leucaspin
1218 2475 1309 2508 KH
1334 2475 1345 2519 ΙΙ
1378 2473 1528 2519 Lyciae]
1555 2473 1687 2517 frigiae
1714 2474 1804 2508 KH
1836 2473 1939 2508 litiae
1965 2473 2057 2506 LM
2078 2471 2090 2518 Η

393 2531 413 2560 4
441 2526 595 2560 oronten
619 2526 683 2569 ΚΗ
715 2528 734 2558 5
763 2523 810 2557 cul
835 2534 866 2558 v.
886 2526 952 2557 116
979 2523 1064 2567 Ter]
1093 2521 1240 2566 saepius
1269 2550 1274 2556 .
1299 2549 1305 2555 .
1328 2551 1334 2557 .
1363 2521 1466 2555 solet.
1491 2520 1528 2554 P
1555 2521 1567 2565 ΙΙ
1599 2524 1618 2554 6
1644 2522 1686 2554 ut
1711 2532 1776 2555 om.
1798 2521 1840 2554 K
1872 2522 1915 2554 ut
1941 2547 1947 2554 .
1971 2548 1976 2554 .
1999 2548 2006 2555 .
2033 2531 2089 2554 so-

392 2574 445 2607 let
470 2584 534 2607 om.
562 2572 597 2605 Β
629 2574 640 2615 ΙΙ
671 2573 713 2605 ut
738 2570 911 2614 aquilone
938 2569 1033 2603 solet
1058 2569 1155 2602 KL:
1190 2570 1232 2603 ut
1258 2568 1383 2611 aquilo
1409 2568 1505 2602 solet
1531 2567 1580 2602 C*
1589 2567 1681 2601 PM
1722 2569 1764 2602 ut
1789 2567 1959 2611 aquilone
1986 2568 2092 2601 sonet

393 2620 438 2654 H
458 2623 490 2654 et
515 2619 591 2653 LR
607 2619 686 2653 Vos.
701 2618 914 2651 Burmanni
941 2618 952 2660 ΙΙ
991 2620 1009 2650 7
1042 2616 1239 2660 τρικυμιάυ
1272 2615 1527 2650 Conmzelioms:
1559 2614 1746 2649 triciniam
1774 2614 1804 2649 G
1830 2616 1842 2659 ΙΙ
1881 2618 1924 2648 10
1956 2614 2090 2659 produ-

396 2667 542 2712 cuntur]
569 2666 778 2710 producunt
803 2665 892 2698 coni.
920 2664 1117 2698 Schocllz'zts
1143 2664 1176 2697 d.
1204 2674 1273 2697 acc.
1296 2664 1316 2697 l.
1339 2663 1360 2698 l.
1381 2674 1420 2706 Ρ.
1444 2666 1509 2697 136
1529 2663 1541 2706 ΙΙ
1560 2662 1682 2707 versu]
1710 2663 1827 2697 metro
1853 2662 1886 2695 L
1905 2663 1916 2706 ΙΙ
1937 2665 1978 2695 11
1999 2673 2090 2695 nun-

394 2737 561 2772 tiationis
588 2737 629 2770 K
645 2738 656 2780 ΙΙ
685 2740 724 2770 13
751 2734 889 2769 ibidem
917 2734 964 2768 M
981 2735 992 2778 ΙΙ
1014 2737 1057 2767 14
1084 2734 1131 2768 acl
1150 2744 1180 2768 v.
1205 2737 1269 2767 117
1297 2733 1461 2776 Torquet
1485 2743 1598 2778 agens
1625 2732 1777 2778 circum]
1804 2732 1842 2767 in
1866 2744 1998 2777 gyrum
2025 2731 2092 2765 cir-

396 2784 562 2829 cumagit
588 2812 594 2818 .
623 2812 630 2817 .
659 2812 665 2818 .
691 2783 849 2817 uidetur.
880 2782 914 2815 P
943 2782 955 2825 ΙΙ
996 2785 1034 2814 17
1062 2791 1135 2824 qua
1165 2781 1313 2823 scripsi:
1346 2791 1417 2823 quo
1445 2780 1476 2815 G
1502 2781 1514 2825 1]
1544 2780 1766 2814 verticosum
1798 2780 1948 2823 scripsi:
1980 2777 2091 2813 uerti-

397 2832 561 2866 culosum
583 2831 613 2865 O
644 2830 871 2865 uorticosum
897 2828 1066 2862 Κνίύείαε
1085 2829 1096 2872 Η
1118 2832 1158 2861 19
1187 2828 1234 2861 act
1254 2839 1283 2861 v.
1302 2830 1366 2860 118
1393 2827 1600 2872 Apparent]
1627 2827 1811 2862 uidentur.
1849 2836 1977 2871 parere
2003 2835 2090 2860 uero

397 2878 498 2913 aliud
525 2877 726 2923 significat,
753 2875 914 2911 obedire.
960 2874 1063 2920 Rari]
1090 2874 1151 2908 uel
1178 2875 1330 2918 propter
1357 2904 1363 2910 .
1387 2902 1393 2908 .
1416 2902 1422 2908 .
1449 2874 1611 2919 perierat
1628 2874 1744 2908 nauis.
1788 2872 1945 2918 Nautes]
1972 2872 2092 2917 prima

397 2925 501 2960 uerbi
538 2924 674 2969 positio
702 2953 708 2960 .
738 2951 745 2959 .
773 2951 779 2957 .
814 2922 964 2957 humilis
1003 2921 1194 2966 expositio.
1244 2923 1370 2955 tamen
1402 2921 1568 2965 epitheto
1606 2921 1793 2964 subleuat,
1831 2931 1916 2955 nam
1949 2918 2093 2953 addidit

401 2972 561 3007 ‘uasto’.
591 2973 627 3006 1’
655 2974 667 3016 U
697 2981 827 3016 parare
859 2971 896 3004 et
927 2969 1027 3004 alind
1062 2979 1241 3012 apparare
1274 2979 1400 3012 perere
1432 2969 1474 3002 K
1498 2969 1510 3012 ΙΙ
1546 2972 1590 3002 20
1617 2978 1796 3012 apparare
1822 2967 1864 3001 K
1891 2968 1903 3011 ΙΙ
1939 2970 1983 3001 22
2010 2965 2091 3000 dili-

399 3021 528 3063 genter
555 3046 561 3053 .
591 3047 597 3053 .
627 3047 632 3053 .
659 3019 875 3063 plerumque
902 3028 966 3051 om.
994 3016 1035 3049 'K
1061 3017 1073 3060 ΙΙ
1105 3015 1281 3050 custodiri
1308 3015 1432 3061 debet]
1461 3014 1691 3050 obseruanda
1717 3016 1773 3048 est
1796 3014 1832 3047 B
1863 3015 1875 3058 ΙΙ
1905 3013 2090 3057 auctores]

400 3068 438 3100 31
463 3066 664 3100 auctoritas
689 3075 865 3109 supcrscr.
892 3065 903 3098 l
927 3065 938 3108 ΙΙ
965 3063 1089 3108 causa]
1116 3063 1175 3096 nel
1203 3062 1390 3097 clausulae
1417 3063 1500 3097 add.
1520 3062 1555 3095 B
1581 3063 1592 3106 ΙΙ
1621 3065 1663 3095 23
1691 3060 1943 3105 corrumpant]
1970 3060 2092 3104 dirup-

400 3115 491 3157 pant
516 3113 555 3146 K
594 3114 631 3146 al
658 3113 869 3156 corrumpat
893 3121 1068 3155 superscr.
1095 3111 1107 3144 l
