2204 3437
560 200 709 236 COMM.
737 199 788 235 IN
813 198 954 235 VERG.
982 199 1090 236 AEN.
1119 199 1178 235 lV.
1208 202 1403 235 595—608.
1742 199 1826 240 569

256 311 352 353 605.
401 322 546 353 FOROS
578 310 774 352 tabulata
804 309 997 362 navium,
1038 309 1090 349 ab
1125 323 1172 349 eo
1212 309 1324 363 quod
1361 309 1550 351 incessus
1588 309 1746 351 ferant:
1786 312 1828 350 et

137 385 204 423 est
236 382 402 437 generis
435 381 671 434 masculini,
702 380 868 421 numeri
900 382 1070 421 tantum
1101 379 1294 432 pluralis.
1346 380 1350 383 ⁷

256 453 354 494 606.
404 464 497 495 CVM
542 463 724 493 GENERE
769 462 1011 492 EXTINXEM
1058 453 1197 491 utrum
1241 464 1356 491 omne
1399 465 1542 504 yemis,
1592 466 1646 493 an
1691 454 1827 493 morte

137 523 306 564 Aeneae
339 525 381 564 et
411 522 600 577 Ascanii,
630 522 824 575 qnoniam
855 521 940 562 iltis
970 521 1156 562 extinctis
1186 521 1404 561 interitura
1431 535 1529 574 yens
1560 523 1692 563 onmis
1722 527 1827 564 esset.

138 597 180 635 et
220 597 285 635 est
324 609 510 649 syncope
550 592 791 635 ‘extinxerit'
825 606 904 645 pro
943 590 1254 633 ‘extinscissern’.
1376 609 1510 633 mmm·
1545 604 1689 634 SVPER
1726 605 1827 635 IPSA

138 676 369 707 DEDISSEM
396 664 500 706 satis
528 665 745 706 amatorie.
794 676 892 705 sane
924 661 1032 704 ‘sese’
1065 676 1155 703 cnm
1181 662 1353 703 dicimus
1382 663 1529 703 ultima
1552 664 1709 716 syllaba
1732 678 1827 717 pro-

136 736 315 789 ducitur,
354 739 401 777 nt
438 736 639 788 Veryilius
679 734 789 788 <XII
823 733 936 786 390>
977 747 1169 788 seseque
1209 734 1261 774 in
1302 733 1429 774 betta
1469 735 1745 784 remittant;
1787 739 1830 776 at

135 820 226 848 vero
258 819 348 847 enm
374 807 622 858 proferimus
655 804 838 846 ‘memet'
871 808 907 845 et
938 803 1072 858 ‘tute'7
1109 804 1278 845 ultimae
1315 804 1445 845 breves
1474 809 1587 846 sunt:
1618 806 1830 847 Lueretius

136 877 183 930 <Ι
219 877 327 931 102>
359 881 574 929 utrumque
610 877 734 918 simul
780 879 980 917 tutemet
1022 890 1048 916 a
1090 876 1228 917 nobis
1270 876 1368 917 iani
1410 878 1582 929 quovis
1626 881 1831 930 tempore

135 951 309 989 vatum.
370 961 472 1001 quas
496 948 726 1000 particulas
757 947 896 988 volunt
925 960 1008 987 non
1044 947 1152 987 nulli
1188 947 1420 1000 siqniffleare
1455 949 1667 1000 quiddam,
1703 952 1749 989 nt
1778 949 1832 990 sit

137 1017 318 1060 ‘memet'
350 1032 412 1059 me
442 1019 588 1073 ipsum,
621 1017 739 1059 ‘tate’
773 1021 817 1059 tn
847 1019 942 1071 ipse.
1002 1017 1081 1059 alii
1111 1021 1262 1068 autern,
1293 1019 1400 1071 quod
1428 1020 1559 1072 niayis
1589 1021 1829 1072 sequendum

136 1093 205 1144 est,
236 1093 484 1131 excrementa
515 1089 656 1130 comici
688 1089 833 1142 teporis
858 1087 1114 1129 existimant:
1146 1102 1245 1129 nam
1274 1089 1483 1130 Terentius
1507 1090 1605 1139 dicit
1636 1093 1831 1131 tutemet

137 1160 396 1210 mirabere,
428 1161 472 1201 id
502 1163 558 1201 cst
589 1163 641 1202 ta.

254 1232 350 1273 607.
401 1242 484 1273 SOL
529 1231 616 1272 iam
661 1230 798 1271 utitur
843 1230 1230 1285 inprecationib11S‚
1279 1230 1360 1272 hoc
1405 1234 1471 1273 est
1514 1231 1831 1274 devotionibus:

136 1303 246 1344 unde
280 1304 323 1344 et
355 1300 573 1343 tdevotor’
607 1304 650 1342 et
681 1300 920 1343 ‘devotrix’
959 1301 1116 1342 dicitur
1148 1301 1219 1356 qui
1252 1302 1508 1356 inprecatur.
1569 1318 1656 1344 non
1689 1306 1831 1345 autem

137 1373 368 1415 ‘terrarum
400 1372 622 1427 flammis',
655 1372 728 1413 sed
761 1372 912 1427 ‘opera
944 1372 1188 1414 terrarum'.
1250 1376 1292 1414 et
1334 1374 1440 1415 bene
1472 1375 1645 1417 invocat
1677 1374 1833 1431 Solem,

140 1445 207 1486 cui
240 1459 368 1499 supra
401 1445 512 1499 <58>
545 1458 621 1498 per
652 1458 811 1484 numen
843 1443 985 1485 Liberi
1018 1444 1285 1485 sacrificavit.

254 1516 350 1557 608.
399 1526 655 1556 INTERPRES
689 1526 908 1556 CVRARVM
941 1517 1015 1556 aut
1048 1530 1153 1570 quas
1185 1515 1345 1570 patior,
1384 1517 1430 1557 ist
1457 1520 1514 1558 est
1552 1531 1736 1559 mearum
1767 1532 1831 1559 en-

135 1601 303 1628 rarmn:
336 1589 411 1628 aut
443 1586 699 1642 generaliter
732 1600 931 1627 curarum
965 1587 1259 1641 coniugalium
1293 1587 1515 1642 interpres,
1547 1588 1628 1629 hoc
1659 1592 1724 1629 est
1750 1602 1832 1629 me—

137 1658 207 1699 dia
250 1660 292 1699 et
343 1657 627 1699 conciliatrix:
677 1656 823 1699 Cicero
876 1658 1063 1713 quique
1112 1658 1425 1712 interpretes
1477 1660 1831 1714 corrumpendi

138 1729 321 1770 iudicii
354 1729 526 1771 solent
557 1744 685 1779 esse,
718 1730 763 1770 id
792 1732 849 1771 est
878 1730 1011 1771 medii.
1072 1730 1149 1771 alii
1180 1729 1415 1783 ‘interpres'
1448 1731 1566 1781 testis,
1598 1731 1735 1785 index,
1766 1745 1832 1771 ar-

138 1801 245 1842 bitra
275 1800 490 1853 accipiunt.
550 1814 648 1842 sane
680 1799 916 1854 ‘interpres’
955 1802 1054 1853 quid
1083 1801 1137 1842 sit
1172 1802 1389 1842 secundum
1425 1805 1568 1843 veteres
1604 1802 1687 1855 ipse
1717 1815 1832 1855 eapo-

137 1872 220 1912 snit
249 1872 412 1912 dicendo
457 1860 678 1912 ‘conscia'‘:
710 1874 854 1913 veteres
892 1872 1000 1912 enim
1037 1872 1292 1925 interpretem
1323 1873 1524 1913 conscium
1561 1876 1599 1913 et
1633 1876 1833 1914 auctorem

138 1942 342 1984 dicebant:
374 1941 552 1983 Plautus
583 1943 628 1983 in
659 1942 787 1982 milite
819 1941 909 1995 <IV
940 1943 974 1996 1,
1002 1942 1056 1995 5>
1090 1956 1210 1995 qnae
1240 1942 1361 1983 milii
1391 1944 1608 1984 condicio
1639 1957 1759 1984 nova
1792 1947 1834 1984 et

140 2014 392 2055 Inententa
424 2013 636 2065 offertur
660 2027 749 2066 per
782 2016 823 2054 te
859 2014 1182 2066 interpretem.
1244 2014 1349 2055 idern
1386 2015 1431 2055 in
1464 2014 1705 2055 (lui-cultum
1742 2014 1832 2066 <HJ

238 2146 250 2175 1
282 2141 453 2176 tabulata
478 2169 484 2176 .
508 2168 514 2176 .
539 2168 544 2175 .
572 2142 709 2187 ferant]
738 2153 850 2176 exser.
881 2141 962 2176 [sid.
991 2154 1042 2177 or.
1070 2142 1153 2175 XIX
1179 2146 1211 2185 2,
1239 2146 1270 2176 2.
1315 2142 1360 2176 cf.
1388 2153 1437 2177 or.
1466 2142 1530 2176 XV
1559 2148 1590 2186 6,
1617 2148 1636 2176 8
1663 2145 1673 2188 Η
1701 2149 1720 2177 6
1746 2154 1833 2177 sane

141 2200 219 2224 sese
246 2201 275 2224 e.
296 2201 329 2233 q.
352 2189 395 2234 0.]
425 2188 468 2223 cf.
496 2189 607 2223 Prisc.
636 2189 702 2223 ΧΠ
724 2193 766 2223 23
790 2201 866 2233 sqq.
894 2191 924 2233 (Ι
951 2202 985 2234 p.
1007 2194 1085 2234 590,
1107 2194 1150 2224 26
1172 2201 1248 2233 sqq.
1271 2190 1328 2233 H.)
1355 2192 1393 2224 et
1419 2190 1510 2225 Don.
1540 2190 1585 2224 ad
1613 2190 1694 2224 Ter.
1723 2191 1831 2225 Andr.

140 2237 189 2271 lV
217 2242 248 2280 3,
277 2240 318 2270 12
344 2238 356 2281 ΙΙ
388 2240 428 2270 12
456 2236 664 2282 Terentius]
691 2237 816 2271 heaut.
843 2236 875 2269 Il
903 2241 1029 2281 3,133
1055 2238 1067 2282 ΙΙ
1096 2241 1139 2271 20
1167 2237 1308 2281 Cicero]
1336 2237 1373 2270 in
1400 2237 1501 2272 Verr.
1527 2239 1597 2272 act.
1627 2238 1634 2271 1
1667 2242 1727 2281 12,
1754 2242 1797 2272 36
1824 2240 1834 2283 Η

140 2288 184 2318 24
210 2265 362 2318 Plautus
388 2284 426 2317 111
452 2283 586 2329 milite]
626 2284 735 2327 ‘quae
767 2284 837 2318 tibi
869 2266 1032 2319 conditio
1065 2296 1161 2319 nova
1195 2284 1384 2319 luculenta
1408 2285 1524 2319 fertur
1548 2296 1614 2330 per
1639 2296 1697 2319 me
1724 2286 1833 2320 inter-

139 2331 394 2408 1110101οἸ125
415 2331 451 2365 111
473 2331 706 2377 Curculione]
737 2331 849 2375 ‘quod
876 2333 912 2365 te
939 2334 1132 2377 praesente
1158 2332 1242 2366 istic
1269 2332 1327 2375 egi
1348 2334 1458 2376 teque
1478 2333 1693 2377 interprete'

239 2453 255 2483 1
284 2462 390 2484 roms
417 2450 460 2483 H
480 2451 491 2494 ss
524 2454 543 2484 2
570 2449 712 2484 numeri
738 2451 900 2496 tantum]
928 2451 1049 2484 norim
1075 2464 1152 2485 το111
1183 2449 1222 2484 F
1247 2452 1259 2495 ΙΙ
1290 2455 1308 2483 3
1337 2463 1534 2484 nximxxnn
1562 2451 1607 2484 II
1641 2464 1830 2485 nxrmcsen

142 2497 188 2531 M
212 2498 224 2542 ΙΙ
255 2498 303 2532 acl
334 2509 417 2531 cum
448 2508 581 2542 genere
609 2509 638 2532 e.
665 2509 763 2541 supr.
790 2508 877 2532 vers.
905 2497 1078 2542 quoniam
1104 2497 1179 2532 illis
1207 2497 1378 2532 extinctis
1405 2497 1598 2532 interitura
1624 2510 1711 2543 gens
1738 2501 1835 2533 esset

140 2546 178 2578 et
203 2545 348 2579 extinxf:
376 2555 441 2589 pro
468 2544 702 2579 extinxissem
732 2545 765 2578 Τ
790 2546 802 2589 ΙΙ
833 2556 879 2579 an
907 2546 1024 2579 morte
1051 2556 1187 2580 aeneae
1215 2547 1253 2580 et
1277 2546 1332 2580 est
1356 2544 1531 2589 sincophe
1558 2545 1732 2589 quoniam
1758 2546 1833 2580 illis

141 2591 313 2626 extinctis
339 2591 509 2627 interitus
535 2603 648 2638 agens
666 2592 790 2626 *omnis
817 2594 914 2627 esset
940 2594 978 2627 et
1003 2593 1209 2628 extincxem
1235 2603 1301 2637 pro
1329 2592 1563 2627 extinxissem
1592 2593 1637 2627 F.
1673 2594 1831 2628 ordinem

141 2639 341 2674 emendavit
368 2640 574 2674 Ilffasvieins
591 2641 604 2685 ΙΙ
623 2644 642 2673 6
670 2639 827 2674 amatori
848 2639 887 2673 F
922 2640 1100 2675 amotorie
1120 2640 1164 2674 H
1179 2642 1190 2685 Η
1210 2651 1288 2674 0000
1315 2651 1398 2674 cum
1425 2639 1607 2675 dicimus.
1649 2642 1834 2676 .tutemet

140 2686 320 2721 mirabere
346 2686 385 2720 id
410 2688 465 2721 est
489 2688 530 2721 tu
555 2688 596 2721 in
621 2687 921 2731 ma79.T]]cu1n
948 2687 1119 2734 dicimus]
1146 2686 1344 2722 indicimus
1371 2687 1410 2720 F
1425 2688 1437 2731 ΙΙ
1458 2692 1476 2722 7
1503 2689 1544 2721 ut
1569 2699 1633 2722 om.
1651 2687 1690 2721 Γ
1705 2690 1717 2732 ΙΙ
1736 2689 1833 2723 bello

143 2733 181 2767 F
196 2735 208 2778 ΙΙ
227 2738 247 2768 8
273 2733 406 2768 ultima
430 2734 470 2768 F
486 2735 498 2778 ΙΙ
518 2738 537 2768 9
564 2735 721 2769 tutemet
747 2735 906 2769 tutemet
928 2735 960 2768 T
975 2737 987 2779 ΙΙ
1007 2735 1115 2779 quuis
1137 2735 1176 2769 F
1191 2737 1202 2780 ΙΙ
1224 2739 1266 2769 10
1292 2736 1436 2779 uatum]
1464 2737 1594 2768 untum
1616 2735 1655 2768 J
1686 2737 1830 2770 euntem

145 2781 176 2813 Ἰ
196 2782 208 2826 ΙΙ
241 2781 393 2825 quidam
420 2781 460 2815 F
487 2783 499 2826 l]
533 2786 572 2816 11
600 2784 641 2816 tu
667 2782 746 2826 ipse
771 2782 851 2815 tute
883 2782 914 2815 Ἰ
940 2783 952 2827 ss
983 2785 1106 2817 autem
1132 2794 1197 2817 om.
1231 2782 1261 2815 ‘J
1287 2784 1299 2827 Η
1333 2786 1374 2815 14
1401 2783 1469 2815 hoc
1496 2784 1552 2816 cst
1576 2783 1620 2816 (1(
1625 2783 1832 2817 notionibus

141 2839 206 2864 om.
232 2829 277 2869 L,
301 2840 400 2872 sapt.
427 2840 514 2865 vers
542 2830 625 2864 add.
653 2830 664 2863 l
690 2830 701 2873 ΙΙ
734 2829 1033 2864 denotationibus
1059 2830 1146 2864 All
1156 2831 1199 2863 M
1228 2830 1240 2873 ΙΙ
1274 2833 1314 2863 15
1341 2830 1536 2863 deuotaoetm
1561 2832 1599 2863 et
1624 2830 1832 2865 ‹louotatiix

141 2886 236 2919 quae
262 2875 474 2920 inprecatur
501 2877 549 2910 M
571 2878 583 2921 u
609 2876 670 2920 qui
696 2877 922 2922 inm-ceatur]
951 2889 1062 2921 (11111111
1089 2881 1285 2921 praecatur
1310 2877 1361 2918 H,
1386 2888 1451 2912 om.
1482 2877 1528 2909 M
1551 2878 1563 2920 ΙΙ
1594 2882 1633 2910 16
1661 2879 1699 2911 et
1725 2878 1831 2932 bene}

142 2923 236 2957 bene
262 2924 387 2957 autem
415 2924 461 2957 M
480 2925 492 2968 ΙΙ
514 2927 553 2958 17
582 2924 656 2968 cui]
684 2935 766 2958 cum
794 2923 860 2968 Fu
880 2935 1010 2958 nomen
1037 2924 1076 2958 F
1092 2925 1104 2969 ΙΙ
1123 2936 1210 2958 saci·
1206 2923 1284 2958 ruit
1310 2924 1350 2956 II
1367 2924 1378 2967 ΙΙ
1398 2928 1442 2957 21»
1469 2924 1694 2958 consiliawtrix
1721 2925 1767 2968 J«,
1793 2927 1834 2959 in

141 2980 209 3013 quo
234 2971 320 3005 haee
344 2971 534 3005 adduntur
559 2982 650 3015 qaae
675 2971 811 3005 Daniel
836 2982 908 3006 non
937 2972 1049 3006 edidit
1080 2974 1117 3006 et
1149 2972 1241 3005 ben(
1273 2970 1399 3005 iunoni
1433 2971 1520 3013 quia
1552 2983 1663 3015 supra
1691 2971 1834 3006 dixerat

143 3017 270 3052 iunoni
297 3019 380 3052 ante
407 3019 525 3052 omnis
552 3017 610 3052 cui
630 3019 668 3052 et
686 3017 829 3070 reliqua
848 3018 887 3063 ΙΙ
878 3031 914 3053 in
935 3019 1211 3064 corrumpendis
1232 3018 1377 3052 inditiis
1400 3018 1437 3051 F
1454 3019 1465 3062 ΙΙ
1485 3022 1523 3051 21
1548 3018 1698 3061 quidam
1720 3019 1831 3054 intel-

142 3074 226 3108 pres
252 3065 357 3099 testis
382 3064 491 3099 iudex
518 3067 556 3100 et
581 3064 720 3099 arbitra
746 3064 934 3110 accipiunt
961 3095 967 3102 .
995 3094 1002 3101 .
1027 3094 1034 3101 .
1062 3068 1172 3109 teque
1198 3066 1397 3109 interprete
1423 3067 1463 3098 in
1489 3077 1600 3109 mara
1633 3066 1664 3099 ,Ἰ
1685 3067 1696 3110 ΙΙ
1720 3068 1833 3101 testes

143 3111 182 3145 F
198 3113 210 3155 ΙΙ
229 3115 272 3145 23
300 3111 461 3158 conscia]
490 3114 618 3147 consta
638 3112 676 3146 F
693 3114 704 3157 ΙΙ
724 3113 904 3147 constium
927 3114 966 3147 F
981 3115 993 3158 ΙΙ
1012 3118 1055 3147 24
1082 3113 1192 3158 quae]
1221 3124 1293 3156 qua
1312 3112 1351 3145 F
1367 3113 1378 3156 ΙΙ
1398 3116 1440 3146 25
1470 3112 1657 3147 luculenta
1684 3114 1712 3146 'l'
1734 3114 1833 3148 lucu-

141 3158 267 3192 lenior
294 3158 333 3192 F
367 3159 589 3194 luculentior
615 3159 751 3194 Daniel
771 3162 946 3206 primus-11
965 3161 1102 3195 ofertor
1130 3160 1168 3193 F
1203 3161 1351 3196 offertor
1384 3160 1438 3204 ἸἸΙ
1458 3171 1543 3204 prae
1570 3162 1606 3193 tv
1634 3161 1672 3194 F

1860 956 1901 985 10
