2204 3437
600 801 807 848 SERVH
845 802 1247 851 GRAMMATICI

148 930 222 984 IN
264 931 575 987 VERGILH
618 933 964 991 AENEIDos
1009 937 1278 992 LIBRVM
1323 937 1693 995 SECVNDVM

648 1075 1201 1148 COMMENTARIVS.

202 1281 236 1321 1.
281 1291 574 1322 CONTICVERE
603 1293 756 1323 OMNES
790 1282 890 1336 quia
916 1298 1044 1338 supra
1069 1284 1117 1337 <I
1144 1286 1255 1340 725>
1281 1286 1390 1327 dixit
1421 1287 1486 1328 fit
1520 1290 1774 1343 strepitus

4 1349 7 1368 ¹
80 1351 250 1392 tectis.
313 1351 596 1393 ‘conticuere’
630 1355 773 1394 autem
805 1368 881 1407 pro
915 1355 1230 1397 conticuerunt:
1267 1358 1378 1410 quod
1409 1360 1535 1400 metri
1567 1374 1696 1401 causa
1726 1362 1775 1402 fit

81 1422 148 1462 vel
180 1422 346 1463 ratione
378 1423 675 1465 clausularum.
730 1438 808 1465 nec
840 1427 904 1466 est
935 1428 982 1466 ut
1015 1426 1188 1480 quidam
1221 1428 1366 1469 dicunt
1395 1429 1533 1470 dualis
1551 1433 1774 1484 numerus,

82 1493 153 1546 qui
197 1493 308 1546 apud
348 1492 524 1535 Latinos
568 1509 801 1549 numquam
847 1496 1017 1549 penitus
1062 1497 1288 1540 invenitur.
1352 1502 1394 1540 et
1437 1500 1542 1541 bene
1585 1501 1774 1543 ‘omnes’

82 1562 261 1615 addidit3
293 1565 493 1616 poterant
527 1564 637 1604 enim
670 1564 799 1606 simul
832 1566 1023 1620 quidam,
1059 1567 1131 1608 sed
1162 1583 1248 1610 non
1282 1584 1445 1624 omnes,
1478 1573 1632 1613 tacere.

82 1644 370 1682 INTENTIQVE
406 1645 496 1675 ORA
528 1646 771 1676 TENEBANT
810 1638 885 1677 aut
917 1651 991 1678 ora
1022 1637 1299 1680 intuebantur
1339 1640 1571 1696 loquentis,
1610 1646 1684 1684 aut
1716 1643 1776 1684 in-

6 1706 10 1720 ¹
81 1704 262 1745 mobiles
296 1704 438 1745 vultus
471 1704 705 1760 habebant,
743 1708 790 1746 ut
828 1707 1097 1761 tenuitque
1136 1709 1342 1751 inhians
1382 1712 1484 1753 tria
1523 1711 1775 1754 Cerberus

81 1790 185 1829 ora,
217 1774 260 1815 id
292 1778 356 1816 est
382 1775 609 1817 inmobilia
636 1776 801 1817 habuit.
852 1779 926 1817 aut
952 1776 1187 1819 ‘tenebant’
1216 1779 1451 1836 habebant,
1482 1786 1529 1823 ut
1557 1785 1611 1824 sz't
1640 1785 1776 1837 ftyma

80 1849 117 1886 et
140 1846 418 1899 intellegsamus
450 1845 620 1888 ‘intenta
646 1847 861 1901 temebant',
893 1851 942 1889 ut
969 1848 1194 1890 Terentius
1221 1866 1332 1892 nam
1358 1851 1581 1894 Andriae
1614 1854 1696 1895 illi
1728 1855 1775 1895 id

82 1919 192 1957 erat
229 1931 420 1958 nomen.
458 1920 619 1960 teneo.
681 1919 774 1960 ideo
815 1921 958 1960 autem
996 1919 1077 1960 hoc
1121 1921 1302 1976 addidit,
1351 1923 1450 1977 quia
1492 1926 1637 1977 potest
1683 1926 1775 1979 quis

8 2018 10 2044 }
80 1988 237 2040 tacere,
268 2002 345 2028 nec
379 1987 610 2030 advertere.

199 2058 236 2098 2.
281 2069 393 2098 INDE
427 2058 672 2112 aphaeresis
706 2063 788 2113 est,
820 2075 897 2114 pro
926 2061 1093 2102 deinde:
1125 2063 1184 2103 vel
1209 2066 1255 2103 ut
1277 2064 1446 2116 quidam
1470 2065 1610 2107 volum
1640 2066 1777 2108 ‘tund

199 2139 322 2169 TORO
349 2140 407 2169 AB
435 2141 557 2172 ALTO
591 2145 781 2171 summus
810 2132 923 2172 enim
950 2146 1117 2186 semper
1144 2136 1209 2174 est
1234 2134 1495 2187 pontificalis
1528 2136 1663 2191 locus3
1695 2151 1777 2179 now

9 2179 11 2254 ἶ
80 2199 188 2239 enim
220 2198 361 2240 licebat
389 2212 517 2252 supra
548 2215 677 2254 regyem
701 2202 978 2255 sacrificulum
1003 2217 1244 2257 quemquam
1269 2206 1507 2248 accumbere.
1553 2221 1643 2249 cum
1670 2209 1777 2249 enim

10 2299 12 2318 2
80 2269 178 2310 dicit
207 2270 254 2311 de
284 2268 446 2311 Didone
477 2271 524 2324 <I
551 2272 663 2326 698>
695 2286 845 2314 aurea
875 2275 1134 2327 conposuit
1162 2277 1348 2329 sponda
1379 2279 1681 2331 mediamque
1713 2280 1776 2320 lo-

176 2425 196 2454 3
222 2431 289 2455 nec
315 2421 396 2455 est.
421 2450 427 2456 .
450 2450 456 2457 .
482 2422 683 2468 invenitur]
711 2423 756 2458 cf.
778 2423 916 2459 Charis.
937 2437 971 2469 p.
998 2429 1074 2469 175,
1098 2430 1139 2461 13
1154 2426 1195 2460 Κ.
1234 2426 1429 2463 Ribbeckii
1455 2429 1594 2473 proleg.
1623 2441 1656 2473 p.
1681 2433 1745 2464 169
1766 2430 1777 2475 Η

11 2465 13 2509 ζ
83 2470 101 2501 7
128 2467 336 2513 tenuitque]
364 2479 487 2514 georg.
515 2470 566 2504 IV
592 2474 659 2505 483
679 2471 691 2514 ΙΙ
716 2474 735 2504 9
764 2470 971 2518 Terentius]
999 2473 1109 2509 Andr.
1137 2475 1152 2507 I
1182 2478 1211 2515 1,
1238 2477 1281 2508 58

178 2615 193 2644 1
223 2611 272 2644 ad
295 2621 326 2644 v.
357 2614 374 2644 1
402 2610 620 2646 Conticuere
647 2606 788 2657 omnes]
822 2612 910 2656 quia
936 2625 1046 2658 supra
1072 2614 1165 2648 dixit
1194 2615 1251 2649 ‘fit
1276 2616 1479 2660 strepitus'.
1533 2617 1773 2653 ‘conticuere'

12 2650 15 2705 J
83 2658 207 2691 autem
232 2669 299 2705 pro
326 2658 592 2693 conticuerunt.
643 2660 751 2693 metri
778 2671 887 2694 causa
913 2660 955 2694 fit
979 2661 1039 2695 uel
1065 2663 1208 2697 ratione
1236 2663 1360 2707 (ratio)
1388 2664 1645 2700 clausularum.
1705 2665 1777 2700 Ora

13 2715 14 2719 ¹
81 2704 273 2749 tenebant]
302 2704 338 2738 id
365 2706 419 2738 est
443 2705 638 2740 inmobiles
664 2707 788 2740 uultus
815 2707 1021 2751 habebant,
1048 2709 1088 2742 ut
1116 2709 1322 2754 ‘tenuitque
1349 2710 1495 2745 inhians
1521 2712 1677 2756 (hyians)
1704 2713 1777 2747 tria

82 2750 258 2785 Cerberus
292 2751 382 2785 ora’.
413 2752 448 2784 P
476 2753 487 2796 ΙΙ
525 2756 544 2786 2
571 2753 669 2796 quod
701 2764 766 2789 om.
796 2754 825 2788 G
853 2756 865 2798 ss
896 2755 1096 2801 metriffssss's
1119 2756 1148 2790 C
1182 2758 1288 2801 (duae
1321 2758 1460 2792 litterae
1491 2770 1613 2793 erasae
1643 2764 1740 2804 sunt)
1774 2762 1775 2766 ’

1604 2819 1715 2843 intenti

83 2847 102 2877 5
123 2844 273 2887 quidam
296 2844 435 2879 MG2l:
461 2846 609 2889 quidem
631 2847 750 2880 CLH
765 2849 776 2890 ΙΙ
796 2852 816 2881 8
836 2847 873 2880 id
894 2849 950 2881 est
969 2848 1175 2891 immobilia
1195 2850 1382 2886 habebant
1403 2853 1496 2895 (siet)
1517 2854 1582 2886 aut
1600 2853 1778 2887 tenebant

14 2885 17 2907 ·³
82 2892 124 2924 ut
149 2892 197 2925 sit
222 2892 338 2936 figura
364 2894 401 2926 et
425 2893 685 2937 intellegamus
711 2894 855 2928 intenta
880 2895 1069 2929 habebant
1095 2899 1135 2930 ut
1159 2898 1339 2932 terentius
1367 2899 1396 2932 (J
1432 2899 1576 2942 (intenti
1601 2901 1775 2943 superscr.

14 2939 17 2985 ξ
85 2936 137 2971 0².
165 2939 291 2973 delevit
310 2939 356 2973 F.
380 2939 591 2983 Schoellz'us)
610 2942 622 2984 Η
642 2945 661 2974 9
688 2940 726 2974 id
747 2943 826 2975 erat
846 2941 908 2975 Ol:
936 2942 1041 2976 deret
1060 2943 1092 2975 L
1124 2944 1251 2978 deerat
1272 2946 1313 2978 ll
1341 2947 1420 2979 erat
1442 2946 1486 2978 M
1496 2946 1534 2978 Ε
1551 2948 1562 2989 Η
1587 2951 1625 2979 12
1648 2948 1695 2980 acl
1711 2958 1739 2981 υ.
1755 2952 1774 2980 2

84 2983 210 3030 Orsus]
237 2986 298 3020 hic
318 2986 441 3031 coepit
461 2986 586 3032 (cepit)
613 2987 704 3022 alibi
724 2988 821 3032 finit,
847 2990 889 3022 ut
917 2988 983 3022 ‘sic
1003 2989 1168 3034 Iuppiter
1187 2992 1317 3025 orsus'.
1342 2992 1377 3024 P
1393 2993 1404 3036 {l
1424 2992 1508 3026 indc
1531 2993 1606 3026 (ΙΙΙ
1631 2993 1776 3035 (deiude

787 3048 967 3078 pontificalis

87 3076 172 3119 0²72)
202 3080 214 3123 ΙΙ
244 3080 348 3160 11161]ῗῖ
375 3080 404 3114 G
432 3082 443 3124 ΙΙ
477 3085 519 3115 13
547 3093 708 3116 summus
735 3083 831 3116 enim
858 3083 959 3117 locus
988 3085 1044 3117 est
1071 3083 1101 3117 C
1128 3084 1366 3127 (pontificalis
1391 3096 1565 3129 superscr.
1595 3086 1653 3130 (Ψ)
1678 3088 1690 3132 Η
1722 3089 1777 3122 est

16 3163 19 3168 1
85 3135 227 3168 semper
273 3147 287 3158 Α

1427 3191 1495 3225 14*

1802 1579 1821 1608 271

1805 1931 1847 1961 10
