2204 3437
635 197 784 233 COMM.
811 198 863 232 IN
889 196 1029 232 VERG.
1054 196 1164 232 AEN.
1192 198 1235 232 V.
1263 202 1411 233 49—59.
1778 197 1860 239 597

175 304 283 347 cisse
314 305 661 360 declinationem,
701 308 750 347 ut
789 306 846 347 sit
879 305 1003 347 ‘haec
1035 304 1216 359 Mycena
1252 306 1377 347 huius
1410 306 1649 361 Mycenae',
1688 310 1733 348 ut
1771 306 1863 348 ‘Fi-

172 375 308 418 dena’.
355 378 397 418 et
423 378 488 418 est
518 376 779 430 periphrasis
807 375 931 417 ‘urbe
957 374 1194 430 Mycenae',
1220 376 1262 417 id
1291 379 1355 417 est
1380 376 1583 431 Mycenis,
1609 379 1657 418 ut
1683 376 1729 429 <1
1751 377 1862 431 247>

171 448 349 489 urbem
381 447 573 489 Patavi.

290 519 356 560 53.
407 530 562 559 ANNVA
593 529 715 559 VOTA
753 517 856 559 haec
897 517 1019 571 quasi
1062 517 1237 558 numini.
1305 521 1341 558 et
1384 517 1515 559 ‘vota'
1558 532 1656 560 nove
1696 519 1864 570 funebre

170 589 417 641 sacrificium
448 589 563 639 dixit,
594 589 639 629 id
668 592 725 630 est
751 588 864 630 ludos
880 588 1078 641 funebres,
1104 601 1193 628 eum
1212 590 1304 628 vota
1322 601 1459 629 rerum
1479 591 1749 631 seemzdarum
1768 591 1861 631 sint.

289 659 356 701 54.
407 670 502 701 SVIS
539 670 677 701 DONIS
719 659 936 713 congruis,
968 662 1041 699 aut
1070 662 1169 700 certe
1199 658 1360 700 debitis:
1407 662 1506 700 sunt
1544 661 1655 701 enim
1693 663 1862 702 tantum

173 737 421 784 superorum
453 744 640 780 munera,
674 732 772 771 sunt
803 729 1056 771 inferorum:
1095 729 1140 770 in
1172 729 1375 770 bucolicis
1417 729 1508 782 <III
1542 732 1635 791 62>—
1657 732 1861 773 Phoebo

172 815 260 842 sua
292 815 487 855 semper
519 800 648 854 apud
681 815 753 841 me
786 815 996 842 munera
1034 803 1169 855 sunt,
1207 801 1358 855 lauri,
1396 804 1444 842 et
1487 816 1639 843 suave
1676 803 1862 844 rubens

170 871 492 925 hyacinthus.
546 885 625 924 pro
656 872 744 912 aris
775 874 910 912 autem
940 871 1111 921 altaria,
1151 885 1254 924 qnae
1283 884 1519 924 superorum
1558 874 1721 915 deormn
1757 878 1862 916 szmt.

170 945 207 983 et
235 942 307 983 hoe
337 943 422 983 ideo
453 943 551 995 quia
581 942 780 983 Anchises
810 942 897 982 iam
928 943 1024 983 deus
1054 945 1121 983 est.

288 1012 355 1054 55.
403 1024 526 1054 NVNC
570 1024 724 1054 VLTRO
771 1015 1071 1067 argumentum
1116 1027 1139 1054 a
1183 1013 1344 1054 minore
1391 1014 1444 1055 ad
1487 1015 1635 1056 maius
1705 1015 1861 1057 ‘ultro’

171 1085 314 1125 autem
347 1085 421 1124 aut
447 1082 619 1138 ‘ultra',
651 1084 693 1124 id
726 1086 790 1124 est
821 1084 1008 1137 insuper,
1039 1084 1110 1125 hoe
1141 1088 1197 1125 est
1226 1085 1406 1137 amplius
1436 1086 1612 1127 numina
1636 1087 1862 1140 praestite—

169 1157 286 1196 runt:
320 1156 394 1196 aut
425 1153 592 1209 ‘ulti-0⁹,
623 1155 665 1196 id
698 1157 763 1195 est
796 1157 947 1209 sponte
981 1170 1075 1209 sua,
1112 1169 1198 1195 non
1237 1157 1483 1208 optantibus,
1521 1158 1581 1198 vel
1619 1157 1865 1199 volentibus

169 1225 314 1266 nobis:
347 1225 441 1267 vult
473 1226 584 1267 enim
618 1226 671 1267 ob
704 1226 784 1267 hoc
816 1228 1119 1280 tempestatem
1154 1229 1311 1282 ortam,
1352 1242 1438 1269 non
1470 1230 1516 1269 ut
1549 1229 1601 1269 ab
1634 1229 1763 1270 Italia
1795 1230 1861 1271 de-

172 1296 451 1351 pellerentur,
484 1297 557 1338 sed
591 1311 672 1351 quo
706 1311 827 1338 sacra
858 1299 1163 1339 renovarentur
1195 1297 1422 1340 Anchisae.

288 1367 356 1409 56.
407 1365 517 1422 (SINE
544 1366 693 1424 MENTE)
726 1385 817 1410 SINE
841 1385 996 1410 NVMJNE
1019 1385 1152 1411 DJVVJJ
1184 1370 1270 1411 stne
1306 1370 1510 1412 voluntate
1548 1374 1586 1413 et
1614 1372 1701 1414 stne
1732 1376 1864 1415 (meto-

171 1439 301 1480 ritate.

289 1510 356 1550 57.
406 1527 605 1552 INTRAMVS
624 1525 704 1564 pro
736 1512 992 1553 intravimus.

288 1580 356 1622 58.
408 1593 711 1625 CELEBREMvs
744 1594 971 1625 HONOREM
996 1584 1191 1636 quomodo
1219 1583 1390 1625 ‘laetum
1415 1585 1657 1628 honorem’?
1689 1592 1762 1629 aut
1784 1603 1863 1641 pro

177 1650 271 1693 ‘nos
303 1651 441 1693 laett’:
473 1656 546 1694 aut
575 1653 764 1695 honorem
794 1668 881 1695 non
912 1654 1020 1696 dixit
1051 1655 1292 1709 exsequias:
1333 1670 1434 1697 nam
1480 1660 1522 1698 et
1559 1660 1709 1699 ventos
1742 1660 1863 1713 quasi

172 1737 197 1763 a
228 1723 401 1764 numine
434 1724 527 1765 vult
557 1727 712 1779 petere.
774 1730 810 1768 et
846 1740 937 1768 eum
974 1727 1090 1768 deum
1126 1727 1271 1779 ubique
1300 1731 1506 1782 memorat,
1538 1743 1628 1770 cum
1660 1731 1704 1771 in
1734 1731 1862 1773 subse—

169 1794 380 1847 quentibus
410 1795 533 1836 etiam
563 1797 656 1838 vino
689 1797 840 1850 {ihm-tt,
874 1798 982 1850 [aut]
1016 1799 1123 1850 quod
1151 1799 1323 1840 mortu-is
1353 1812 1435 1840 non
1468 1800 1616 1841 licebat.

288 1865 355 1906 59.
412 1856 607 1909 POSCAJ-H'S
639 1854 780 1910 {nmmos
809 1870 949 1909 utrum
980 1871 1083 1919 tum,
1114 1869 1161 1910 id
1191 1873 1248 1911 est
1272 1870 1411 1911 demde
1428 1874 1617 1923 petamus
1642 1876 1796 1914 ventos:
1828 1877 1865 1915 ct

172 1940 311 1978 utrum
343 1951 369 1978 ct
399 1938 491 1992 dits,
523 1952 579 1979 cm
609 1939 660 1980 ab
690 1939 879 1990 Anchise,
911 1953 1026 1992 quem
1057 1941 1173 1982 deum
1197 1955 1275 1994 per
1306 1942 1452 1995 templa
1483 1947 1774 1985 commemorat.

265 2058 284 2088 6
311 2055 396 2088 sunt
422 2054 519 2089 enim
545 2083 552 2090 .
580 2082 587 2090 .
617 2084 623 2091 .
650 2055 866 2102 inferorum]
894 2056 938 2091 cf.
966 2056 1049 2092 Isid.
1078 2068 1127 2092 or.
1154 2057 1204 2092 VI
1234 2062 1287 2102 19,
1314 2062 1357 2093 26
1379 2071 1456 2103 sqq.
1484 2058 1559 2094 diff.
1586 2060 1685 2094 verb.
1716 2064 1780 2094 170

267 2165 283 2194 1
312 2161 614 2208 declinationem]
652 2174 845 2197 numerum
880 2163 1006 2207 posuit
1039 2164 1121 2199 add.
1151 2164 1191 2198 F
1223 2166 1234 2209 Η
1272 2167 1312 2200 ut
1344 2165 1392 2199 sit
1418 2194 1424 2200 .
1454 2195 1460 2201 .
1489 2194 1495 2200 .
1523 2165 1676 2212 Fidena]
1712 2179 1863 2210 myccnc

171 2208 294 2242 autem
319 2219 474 2251 mycena
500 2211 536 2253 (a
561 2220 604 2243 ex
630 2211 662 2254 e)
689 2210 798 2244 huius
823 2222 998 2254 mycenae
1024 2212 1066 2245 ut
1090 2211 1211 2246 fidena
1236 2212 1275 2246 F
1291 2214 1302 2257 Η
1321 2213 1466 2248 micena
1493 2213 1606 2248 C'NL
1616 2214 1711 2247 HM
1726 2216 1735 2259 Η
1756 2215 1863 2249 mice-

169 2265 239 2289 nae
265 2255 449 2289 NLHM
465 2257 476 2300 Η
496 2260 515 2290 2
542 2257 649 2291 urbes
677 2256 743 2301 ΓΗ
762 2269 873 2299 caene
900 2257 939 2291 F
976 2259 1139 2293 micenae
1167 2260 1209 2292 N
1243 2261 1386 2294 miccna
1411 2261 1444 2294 L
1470 2262 1506 2302 (a
1531 2262 1571 2295 in
1597 2263 1682 2303 ras)
1722 2262 1861 2296 miccnc

170 2302 210 2336 Η
228 2303 239 2346 Η
259 2302 411 2337 micenis
436 2303 567 2337 NLH
582 2306 592 2349 Η
612 2308 631 2338 3
658 2304 802 2348 patauii
827 2305 896 2349 ΗΗ
924 2309 945 2339 4
971 2306 1078 2351 vom]
1107 2308 1144 2341 et
1168 2318 1324 2351 pompas
1351 2308 1434 2342 add.
1463 2308 1511 2341 M
1525 2310 1535 2353 Η
1556 2309 1603 2343 ad
1629 2320 1750 2342 annua
1775 2312 1863 2343 vota

169 2360 268 2393 supr.
289 2361 375 2384 vers.
398 2350 615 2385 sacrificium
642 2363 736 2386 noue
763 2351 855 2386 dixit
879 2353 1031 2387 funebre
1058 2353 1144 2397 quia
1170 2356 1258 2388 uota
1284 2366 1403 2389 rerum
1431 2355 1671 2390 secundarum
1698 2358 1781 2391 sunt
1805 2357 1837 2390 T

1891 951 1932 980 10

171 2400 190 2430 5
218 2397 460 2431 secundorum
485 2397 524 2432 F
541 2400 551 2443 Η
585 2403 604 2432 6
631 2399 679 2433 ad
705 2399 778 2433 suis
803 2410 901 2444 supr.
928 2411 1014 2435 vers.
1042 2400 1111 2436 sibi
1136 2401 1269 2436 debitis
1300 2402 1332 2435 Τ
1347 2404 1357 2447 Η
1383 2403 1479 2436 cnim
1506 2414 1570 2437 om.
1600 2403 1629 2437 O
1645 2404 1656 2448 Η
1681 2404 1786 2447 vulqo
1811 2405 1862 2438 sic
1925 2418 1928 2422 ·

170 2444 410 2488 distinyuitur
443 2447 528 2479 sunt
553 2445 651 2480 enim
676 2447 819 2480 tantum
845 2458 1073 2491 superorum:
1107 2460 1259 2483 munera
1291 2452 1376 2483 sunt
1407 2449 1606 2484 inferorum
1638 2462 1742 2494 quast
1770 2452 1862 2485 inter

170 2491 305 2534 inferos
328 2492 410 2535 ‚deos
434 2493 482 2526 sit
507 2492 670 2527 Phoebus
694 2494 705 2537 Η
732 2498 750 2528 7
777 2493 991 2540 inferorum]
1019 2497 1164 2530 tantum
1190 2498 1273 2532 add.
1302 2497 1340 2530 F
1357 2499 1366 2541 Η
1392 2497 1445 2542 in]
1474 2499 1513 2531 ut
1538 2497 1575 2531 in
1602 2498 1635 2531 L
1661 2499 1671 2542 Η
1703 2502 1723 2531 S
1751 2510 1860 2532 suave

169 2538 303 2572 rubens
327 2539 562 2585 hyacinthus]
590 2541 628 2574 ct
651 2541 794 2584 reliqua
821 2541 861 2574 F
894 2554 921 2575 r.
943 2554 968 2576 s.
989 2553 1022 2585 y.
1052 2543 1081 2577 C'
1117 2555 1142 2577 s.
1165 2556 1190 2577 r.
1214 2556 1238 2577 s.
1270 2544 1317 2577 M
1334 2545 1344 2588 Η
1370 2548 1389 2577 9
1417 2544 1600 2578 iacinthus
1626 2545 1669 2578 N
1701 2545 1860 2580 iacintus

170 2585 204 2618 L
241 2585 419 2620 iacinctus
444 2586 489 2620 Η
503 2588 513 2632 Η
539 2588 587 2622 ad
613 2587 748 2622 altaria
771 2599 871 2632 supr.
897 2600 982 2625 vers,
1011 2590 1097 2633 quia
1123 2591 1211 2625 deus
1238 2591 1311 2625 iam
1339 2591 1556 2625 credebatur
1582 2592 1664 2626 idco
1692 2592 1783 2626 dixit
1809 2593 1861 2627 al-

169 2632 268 2666 taria
297 2633 329 2666 T
355 2634 366 2678 Η
397 2645 462 2677 pro
488 2634 559 2669 aris
585 2636 731 2678 scripsi:
761 2635 859 2679 paris
886 2636 925 2669 F
958 2637 1063 2681 ponit
1088 2638 1308 2681 Maga-ictus,
1335 2640 1442 2683 parat
1467 2640 1557 2673 const.
1585 2640 1771 2682 Ilagseozus.
1815 2641 1858 2683 ef.

171 2680 219 2714 acl
243 2681 333 2714 Aen.
358 2681 408 2714 III
429 2685 496 2716 305
516 2683 527 2726 Η
547 2681 681 2716 altaria
709 2683 931 2717 Masvz'eius:
957 2684 1069 2718 altari
1096 2685 1135 2719 F
1151 2687 1161 2730 Η
1182 2698 1399 2729 supcnorum
1429 2686 1466 2719 F
1483 2688 1492 2730 Η
1516 2690 1555 2720 12
1583 2688 1646 2720 ant
1671 2686 1769 2720 ultra
1794 2698 1860 2721 om.

170 2727 221 2769 L,
246 2738 344 2771 supr.
371 2739 458 2763 vers.
487 2729 568 2763 add.
597 2730 638 2774 ἶΗ
658 2730 755 2764 ultra
780 2730 892 2764 NM:
918 2731 1013 2766 ultro
1039 2731 1160 2767 FCH
1178 2734 1188 2778 Η
1220 2736 1260 2766 12
1288 2734 1357 2767 hoc
1384 2735 1437 2767 cst
1463 2733 1621 2777 amplius
1648 2734 1760 2768 edidit
1785 2735 1859 2769 Ste-

168 2775 333 2818 phanus,
366 2775 525 2819 amplius
557 2777 660 2810 habet
685 2777 729 2810 H
755 2778 765 2821 Η
805 2781 845 2811 13
871 2778 984 2824 ultro]
1012 2790 1077 2813 om.
1107 2779 1149 2822 C,
1184 2780 1283 2814 ultra
1309 2781 1341 2814 L
1373 2782 1383 2824 Η
1421 2781 1633 2824 optantibus
1660 2783 1724 2814 aut
1749 2782 1861 2816 edidit

171 2821 378 2865 Stephanus
406 2824 416 2868 Η
450 2826 491 2856 14
518 2823 622 2858 uobis
647 2824 680 2856 L
705 2825 715 2869 Η
750 2828 790 2858 15
813 2825 904 2869 quo]
932 2826 972 2860 ut
996 2826 1072 2861 FC
1093 2828 1103 2872 Η
1138 2832 1179 2861 16
1206 2828 1254 2861 ad
1279 2828 1355 2861 sinc
1383 2830 1504 2861 mcntc
1531 2831 1562 2861 et
1588 2828 1734 2862 numine
1760 2840 1860 2873 supr.

170 2879 257 2903 vers.
285 2869 361 2903 sine
387 2870 577 2904 uoluntate
603 2874 634 2904 et
660 2871 881 2906 auctoritate
911 2872 942 2905 'l'
959 2874 970 2917 Η
990 2874 1189 2909 autoritate
1217 2874 1256 2908 F
1272 2876 1282 2919 Η
1306 2879 1345 2909 18
1373 2875 1420 2908 αεὶ
1446 2874 1622 2909 intramus
1647 2886 1745 2917 supr.
1773 2888 1859 2911 vers,

171 2926 236 2959 pro
261 2915 479 2951 intrauimus
512 2917 543 2950 T
566 2919 576 2962 Η
608 2922 648 2952 19
675 2931 897 2953 crznfflnmnvs
925 2920 953 2954 G
976 2922 986 2964 Η
1018 2934 1177 2955 uoxomcs
1204 2921 1277 2956 FC
1300 2923 1310 2966 Η
1343 2922 1422 2966 aut]
1450 2934 1497 2955 an
1523 2921 1659 2956 Daniel
1684 2923 1694 2966 Η
1726 2927 1770 2957 20
1797 2926 1861 2958 aut

172 2963 346 2997 honorem
376 2964 598 2999 DIasteius:
637 2966 674 2999 et
706 2965 881 3000 honorem
913 2966 952 3000 F
975 2971 1006 3001 et
1030 2969 1175 3003 Daniel.
1221 2972 1370 3003 ceterum
1397 2970 1444 3002 ml
1470 2968 1608 3003 laetum
1637 2970 1861 3005 celebremus

171 3010 348 3045 honorem
367 3012 407 3045 in
428 3012 617 3055 archetypo
636 3012 722 3046 haee
741 3013 926 3057 adscripta
943 3015 1056 3057 fuisse
1075 3016 1211 3049 conicio
1231 3027 1296 3060 pro
1327 3016 1404 3049 ‘nos
1425 3015 1541 3050 lacti’.
1580 3019 1617 3050 ct
1642 3029 1724 3050 cum
1751 3017 1860 3052 deum

173 3084 179 3090 .
209 3084 215 3090 .
245 3085 251 3091 .
277 3057 415 3092 licebat
439 3059 449 3103 Η
482 3058 575 3092 dixit
599 3070 672 3093 non
698 3059 738 3094 F
759 3061 770 3104 Η
803 3061 964 3096 cxscoias
992 3062 1032 3096 F
1066 3063 1237 3106 ‹·x‹›q11ias
1266 3063 1313 3096 M
1335 3064 1346 3107 Η
1379 3067 1420 3096 22
1448 3063 1534 3097 iuno
1561 3063 1668 3098 libari
1696 3064 1742 3105 F,
1769 3076 1858 3100 corr.

173 3103 310 3139 Daniel
346 3106 357 3150 Η
394 3107 458 3139 aut
489 3106 578 3140 delet
604 3106 818 3143 Masvz‘cius.
864 3109 908 3151 ef.
934 3108 1078 3144 Numae
1104 3111 1159 3145 lew
1185 3122 1244 3154 ap.
1274 3110 1374 3144 Pliu.
1402 3110 1484 3145 XIV
1515 3114 1572 3155 12,
1603 3115 1644 3146 ls
1671 3115 1702 3146 ct
1728 3111 1859 3148 Festus

171 3162 199 3185 s.
224 3162 256 3185 υ.
285 3152 465 3187 ‘murrata
483 3153 645 3198 potione’
