2204 3437
566 190 715 227 COMM.
741 189 792 224 IN
820 188 960 224 VERG.
988 187 1097 223 AEN.
1124 188 1166 222 V.
1196 190 1393 222 824-845.
1741 185 1824 226 6523

252 302 347 344 830.
397 312 575 343 FECERE
606 310 762 341 PEDEM
793 299 838 339 id
866 300 921 339 est
953 295 1143 351 podiam,
1180 295 1250 337 hoc
1282 299 1338 337 est
1376 296 1536 349 funem,
1577 310 1659 348 quo
1694 293 1825 334 teudi-

134 376 205 414 tur
237 373 389 414 velum.
510 381 743 413 SINISTROS
776 379 900 410 NVNC
934 377 1146 408 DEXTROS
1180 380 1255 419 pro
1290 380 1416 407 aurae
1451 364 1754 406 mutabilitate.

254 443 349 484 8352.
401 453 585 484 CORNVA
618 442 917 482 antemnarum
950 436 1255 478 extremitates.
1375 447 1460 477 SVA
1493 446 1699 476 FLAMINA
1732 450 1825 488 pro-

135 528 278 568 spera,
311 529 335 555 a
365 512 500 567 puppi
531 510 757 553 venientia.

255 585 350 626 833.
400 594 619 624 PRINCEPS
653 592 774 622 ANTE
806 590 944 621 OMNIS
978 592 1109 619 unum
1140 577 1303 619 verbum.
1336 579 1469 618 vacat.

255 655 352 696 835.
402 665 585 695 MEDIAM
620 664 756 694 CAELI
788 662 951 692 METAM
994 649 1129 703 perite
1170 648 1337 690 locutus
1383 650 1462 688 est:
1505 662 1602 688 nam
1643 646 1827 688 medium

136 726 299 767 caelum
332 727 447 766 meta
480 727 544 765 est
577 720 924 777 ἀναβιβάζοντος
956 720 1120 774 circuli,
1153 719 1225 774 qui
1258 719 1418 760 medius
1450 721 1514 759 est
1546 718 1656 759 iuter
1689 719 1828 758 ortum

137 799 179 837 et
211 810 419 838 occasum.
483 810 507 836 a
540 794 678 834 medio
715 796 858 834 autem
898 792 1013 833 caelo
1047 793 1089 832 et
1120 790 1267 830 finitur
1306 791 1442 842 ortus,
1484 790 1525 829 et
1563 803 1736 829 occasus
1768 788 1828 828 iu-

137 866 241 920 cipit
280 865 478 907 siderum.
540 864 648 905 alter
693 865 757 904 est
802 858 1038 916 ὁρίζοντος,
1088 860 1159 915 qui
1205 862 1405 914 segregat
1450 862 1669 912 aspectum.
1706 859 1829 899 huius

138 936 245 978 caeli
278 936 330 977 ab
364 936 449 977 alio
483 934 690 976 invisibili
722 933 858 975 nobis.
1861 940 1900 969 ιο

257 1007 353 1049 837.
404 1018 487 1049 SVB
520 1016 660 1046 REMIS
693 1015 796 1046 FVSI
828 1015 915 1044 PER
947 1015 987 1043 D.
1016 1014 1049 1044 S.
1076 1014 1117 1043 N.
1150 1001 1193 1042 id
1227 1003 1291 1042 est
1323 990 1566 1055 requierant
1600 999 1831 1053 paululum,

141 1079 202 1120 sic
234 1093 373 1119 remos
405 1079 611 1118 tenentes.

256 1149 354 1190 838.
405 1159 537 1189 LEVIS
573 1146 639 1187 vel
667 1146 850 1187 adventu
878 1145 943 1187 vel
971 1145 1177 1186 discessu:
1210 1158 1310 1185 nam
1342 1143 1447 1184 levis
1474 1143 1517 1184 in
1544 1146 1722 1196 utroque
1756 1143 1831 1182 est.

258 1219 354 1261 839.
403 1229 618 1259 DISPVLIT
652 1228 832 1258 VMBRAS
866 1231 965 1257 nam
999 1229 1165 1269 semper
1198 1214 1297 1254 deos
1332 1214 1467 1254 ambit
1500 1213 1683 1253 nimbus,

255 1290 352 1332 840.
405 1301 462 1330 ΤΕ
502 1298 733 1329 PALINVRE
772 1298 946 1328 PETENS
988 1285 1167 1326 factiose
1208 1284 1476 1339 adgrediens,
1522 1283 1737 1337 adpetens.
1798 1285 1833 1322 et
1863 1291 1902 1321 15

138 1362 343 1403 sciendum
375 1361 420 1401 in
451 1360 586 1400 maius
618 1359 808 1415 celebrari
834 1357 1031 1399 Palinuri
1062 1358 1229 1397 mortem
1260 1368 1369 1395 more
1392 1355 1562 1408 poetico,
1600 1368 1715 1406 quem
1745 1354 1834 1394 dor-

138 1434 323 1474 mientem
348 1433 391 1472 in
419 1432 554 1472 medas
579 1430 760 1471 cecidisse
785 1432 940 1470 constat
963 1429 990 1480 †
1006 1428 1185 1468 missum.
1277 1437 1449 1467 SOMNIA
1477 1438 1683 1477 soporem.
1722 1424 1830 1464 bene

138 1506 282 1545 autem
329 1501 533 1543 discernit
576 1501 660 1543 ista
698 1500 937 1554 Vergilius,
983 1501 1028 1539 ut
1068 1495 1317 1538 ‘Somnum’
1361 1496 1502 1548 ipsum
1540 1494 1664 1541 deum
1708 1494 1834 1546 dicat,

141 1572 398 1616 ‘somnium'
432 1572 542 1627 quod
578 1571 832 1625 dormimus,
874 1566 1179 1610 ‘insomnium’
1214 1566 1324 1621 quod
1357 1565 1547 1606 videmus
1584 1566 1627 1606 in
1661 1565 1834 1618 somnis,

138 1648 187 1686 ut
219 1644 310 1699 <VI
344 1644 456 1697 896>
490 1642 576 1684 sed
615 1642 751 1683 falsa
791 1641 849 1682 ad
889 1640 1082 1681 caelum
1115 1638 1329 1679 mittunt
1367 1635 1622 1677 insomnia
1654 1649 1833 1676 manes.
1861 1646 1904 1675 26

258 1715 355 1757 843.
404 1725 558 1755 IASIDE
602 1712 665 1752 fili
702 1711 799 1753 Iasi.
927 1721 1111 1751 FERVNT
1151 1719 1251 1750 IPSA
1290 1718 1507 1757 AEQVORA
1548 1717 1748 1748 CLASSEM
1792 1705 1833 1746 id

141 1789 207 1828 est
239 1787 282 1827 et
314 1787 437 1827 aestu
471 1786 514 1825 et
546 1798 650 1825 aura
681 1782 844 1841 nostris
877 1781 1050 1822 utimur.

259 1858 355 1899 844.
405 1863 654 1906 AEQVATAE
689 1865 885 1895 SPIRANT
919 1863 1071 1893 AVRAE
1118 1864 1363 1905 prosperae,
1407 1852 1454 1890 ut
1487 1847 1574 1901 <IV
1609 1848 1721 1901 587>
1760 1862 1835 1887 ae-

145 1928 319 1984 quatis
353 1927 568 1968 classem
600 1924 875 1980 procedere
908 1922 1047 1963 velis.

261 1998 358 2041 845.
408 2009 530 2040 PONE
565 2008 708 2038 CAPVT
741 1995 847 2035 bene
881 1992 1174 2047 particulatim
1208 1990 1260 2032 ad
1293 1990 1336 2031 id
1368 1991 1503 2044 venit,
1546 1989 1658 2043 quod
1692 1991 1835 2043 aperte
1863 1999 1906 2029 ‘25

1854 585 1873 614 αι

240 2155 259 2185 3
289 2149 461 2184 ‘Cornua’
491 2149 747 2183 antemnarum
773 2144 1041 2189 extremitates]
1069 2143 1112 2177 cf.
1135 2142 1219 2177 Isid.
1242 2154 1294 2189 or.
1314 2142 1399 2176 XIX
1416 2145 1447 2184 2,
1464 2145 1481 2175 7
1503 2143 1514 2185 ΙΙ
1537 2144 1576 2175 17
1598 2141 1691 2175 bene
1713 2141 1835 2174 autem

146 2210 175 2234 e.
204 2209 237 2242 q.
264 2197 308 2243 S.]
337 2196 380 2231 cf.
408 2196 491 2231 Isid.
520 2194 592 2229 diff.
621 2194 720 2228 verb.
747 2197 814 2227 542

242 2342 258 2373 1
287 2337 324 2372 id
351 2339 407 2372 est
430 2337 510 2372 hab.
528 2336 558 2371 C
572 2337 584 2380 ΙΙ
604 2335 753 2380 podiam
774 2334 877 2377 libri,
903 2333 1054 2378 podium
1082 2332 1284 2366 Salmasius
1308 2330 1449 2364 exercit.
1474 2327 1572 2362 Pziu.
1589 2339 1628 2371 p.
1644 2331 1721 2362 400.
1754 2329 1836 2369 fort.

147 2383 259 2421 πόδα.
307 2385 424 2429 possis
448 2388 480 2419 et
504 2383 715 2428 propedem.
742 2383 787 2425 cf.
816 2382 909 2415 [sid.
935 2391 986 2414 or.
1014 2379 1098 2413 XIX
1124 2383 1155 2422 4,
1176 2383 1196 2412 3
1216 2379 1228 2422 ΙΙ
1247 2378 1371 2412 funem
1398 2388 1463 2411 om.
1485 2376 1523 2409 H
1542 2376 1555 2419 ΙΙ
1575 2376 1663 2419 quol
1691 2386 1738 2419 po
1766 2374 1807 2407 H
1837 2402 1838 2406 ,

148 2438 168 2468 2
194 2432 334 2476 velum]
369 2431 465 2475 quod
498 2430 629 2465 Graeci
660 2427 760 2463 πόδα
793 2430 930 2463 vocant
964 2428 1004 2461 ut
1036 2428 1092 2461 est
1124 2426 1222 2470 apud
1255 2424 1453 2458 Pindarum
1485 2424 1522 2457 et
1553 2421 1838 2465 Aristophanem

148 2481 232 2516 add.
259 2479 297 2513 D
321 2480 334 2523 ΙΙ
363 2482 382 2513 3
409 2479 691 2522 antempnarum
717 2487 759 2510 ex
785 2477 1042 2509 antemnarum
1070 2474 1100 2508 C
1134 2474 1414 2515 antempnarum
1441 2470 1482 2503 N
1516 2471 1770 2503 antemnarum
1797 2480 1839 2502 ea)

150 2529 381 2562 autemarum
402 2526 450 2559 M
466 2527 479 2570 ΙΙ
497 2524 769 2560 extremitatem
789 2522 919 2556 NLH
936 2523 947 2565 ΙΙ
967 2526 987 2555 5
1012 2520 1137 2565 vacat]
1166 2521 1271 2554 cacat
1291 2520 1332 2552 (ι’.
1372 2528 1464 2561 quae
1491 2518 1606 2559 figura,
1634 2513 1673 2549 ἐκ
1699 2518 1838 2558 παραλ-

150 2571 260 2619 λήλου
287 2572 422 2607 dicitur
448 2584 529 2607 cum
556 2583 670 2614 unum
695 2570 743 2605 ad
768 2569 919 2604 alterius
945 2568 1212 2612 expositionem
1240 2565 1341 2600 veuit
1367 2566 1448 2599 add.
1467 2564 1501 2597 I)
1520 2565 1531 2607 ΙΙ
1552 2568 1570 2597 G
1596 2563 1766 2597 scholimn
1793 2563 1841 2596 ad

152 2633 179 2656 υ.
207 2624 275 2655 835
308 2621 410 2655 hodie
443 2620 511 2664 legi
542 2629 616 2653 non
644 2620 757 2661 potest
788 2618 828 2650 in
862 2615 901 2649 F
928 2616 940 2659 ΙΙ
984 2619 1001 2649 7
1030 2611 1338 2660 ἀναβιβάζοντος]
1372 2623 1436 2646 om.
1466 2611 1495 2643 (J
1538 2608 1840 2643 anabibanzontis

151 2667 284 2702 NLH
319 2665 596 2701 anabibazontis
624 2665 679 2700 M.
726 2664 763 2697 id
789 2664 845 2697 est-
870 2662 1128 2696 adscendentis
1155 2662 1239 2696 add.
1267 2660 1464 2694 Fabricius
1495 2658 1506 2701 ΙΙ
1543 2662 1562 2691 8
1590 2668 1739 2691 occasus
1766 2656 1839 2690 Lu.

152 2715 312 2749 siderum
337 2715 443 2759 vulyo
470 2714 621 2748 additur
640 2713 652 2756 ΙΙ
672 2723 693 2745 a
718 2710 839 2745 medio
868 2737 873 2743 .
896 2739 902 2745 .
925 2737 931 2743 .
960 2710 1061 2744 ortus
1087 2720 1152 2743 om.
1175 2708 1215 2742 A*
1251 2719 1272 2741 a
1297 2706 1418 2741 medio
1447 2733 1452 2738 .
1475 2733 1480 2738 .
1504 2733 1510 2739 .
1539 2705 1575 2737 ct
1601 2714 1748 2737 occasus
1775 2714 1839 2736 om.

153 2762 238 2796 LH
259 2763 295 2804 (a
320 2760 442 2795 medio
469 2760 565 2795 enim
593 2759 695 2793 caelo
723 2759 759 2792 et
786 2758 884 2791 ortus
911 2758 948 2790 et
968 2767 1118 2790 occasus
1144 2755 1269 2788 finitur
1293 2765 1391 2797 supr.
1414 2764 1498 2785 ress.
1515 2752 1525 2784 Ι
1544 2752 1555 2795 ΙΙ
1575 2750 1716 2793 autem]
1743 2749 1840 2783 euim

153 2809 202 2843 M
223 2810 235 2853 ΙΙ
254 2808 400 2842 ealtior
414 2807 609 2842 Schoellz'us
637 2807 649 2850 ΙΙ
677 2802 879 2849 ὁρίζοντος]
907 2815 970 2838 om.
989 2802 1212 2846 (Am-montis
1234 2802 1264 2834 J.
1275 2802 1315 2835 II
1323 2801 1370 2834 M
1395 2802 1406 2843 ΙΙ
1440 2804 1478 2832 11
1507 2797 1807 2841 requiouerm1tc!

155 2860 196 2890 13
224 2857 361 2890 auentu
388 2854 421 2888 G
458 2854 657 2888 aduentum
684 2852 727 2885 H
753 2853 765 2895 11
802 2851 947 2885 disces-u
975 2850 1005 2885 O
1039 2850 1236 2883 discessum
1265 2848 1305 2881 II
1334 2850 1344 2891 ΙΙ
1376 2847 1411 2880 in
1438 2848 1590 2888 utroque
1618 2844 1710 2877 leuis
1737 2844 1807 2875 (ι’(ἶ

153 2903 271 2938 leuius
292 2902 334 2936 H
350 2904 360 2944 ΙΙ
382 2904 423 2935 15
451 2902 488 2935 et
513 2899 701 2934 sciendum
723 2925 729 2931 .
747 2927 753 2933 .
771 2926 777 2932 .
798 2897 950 2931 missum
977 2898 1056 2931 hab.
1074 2896 1111 2937 Ο,
1137 2896 1324 2929 ediderunt
1339 2894 1542 2936 ,Stephanus
1561 2895 1592 2924 et
1614 2891 1811 2924 Istam-icius

157 2954 198 2984 17
225 2949 263 2984 in
289 2948 405 2983 undas
431 2947 607 2982 cecidisse
634 2947 778 2980 constat
802 2944 954 2978 missum
981 2944 1052 2978 GC
1086 2944 1123 2977 in
1149 2942 1265 2976 undas
1292 2942 1436 2975 constat
1460 2939 1610 2973 missum
1638 2938 1841 2980 Stephanus

155 3000 187 3030 et
206 2997 342 3030 Daniel
368 2994 542 3029 cecidisse
562 2993 599 3027 in
619 2993 735 3026 undas
756 2991 844 3026 satis
866 2992 1011 3025 constat
1025 2990 1232 3025 Fabricius.
1260 2990 1415 3029 constat,
1436 2987 1477 3020 ut
1491 2985 1621 3019 Miseni
1635 2984 1840 3018 Schoellius.

154 3044 237 3086 fort.
258 3042 281 3078 i.
301 3055 343 3076 us
358 3055 386 3077 c.
409 3053 456 3083 c.‚
477 3051 549 3075 non
569 3040 766 3074 inmersum
787 3050 808 3072 a
829 3038 973 3073 Somno.
1012 3040 1056 3080 cf.
1078 3037 1185 3071 Avi
1206 3039 1272 3070 348
1292 3036 1304 3079 ΙΙ
1324 3046 1431 3078 sopor
1458 3034 1557 3076 (1011
1579 3036 1619 3065 10
1641 3030 1839 3075 somnium}

158 3101 325 3124 somnum
351 3089 384 3123 G
407 3090 419 3132 ΙΙ
444 3098 515 3132 quo
542 3086 742 3121 dormimus
770 3084 842 3120 GC
861 3086 873 3129 ΙΙ
899 3084 1050 3119 somniis
1075 3084 1170 3117 NH.
1210 3082 1271 3117 sed
1298 3082 1380 3116 adel.
1401 3081 1433 3113 1.
1444 3081 1489 3114 M
1527 3079 1563 3113 is.
1591 3079 1671 3113 add.
1695 3078 1732 3111 J!
1757 3079 1768 3121 ΙΙ
1798 3082 1836 3111 21

156 3136 225 3171 iasi
250 3136 344 3170 filius
361 3136 393 3171 G
435 3134 504 3170 iasi
529 3134 582 3168 fili
610 3132 666 3177 011
685 3131 767 3167 iasii
795 3132 859 3166 Ml
878 3133 889 3175 ΙΙ
915 3136 957 3166 22
985 3132 1111 3166 nostra
1139 3131 1168 3164 C
1184 3131 1195 3174 ΙΙ
1225 3134 1267 3163 24
1294 3127 1507 3173 procedere]
1536 3136 1752 3170 componere
1780 3126 1809 3159 G

1491 3184 1560 3219 42*
