2132 3354
801 117 1086 152 PRAEFATIO.
1473 135 1478 140 ·
1688 117 1785 152 XVI]

99 243 189 270 esse
228 227 523 269 ostenderetur
561 227 723 281 primus
763 225 874 280 quod
914 226 1046 266 sciam
1078 239 1178 266 usus
1213 227 1278 265 est
1311 225 1514 265 Albertus
1546 224 1671 266 Lion:
1717 226 1788 279 qui

98 299 177 340 etsi
216 314 241 339 a
271 298 519 340 Burmanno
559 298 722 351 accepit
754 295 947 338 Servium
980 295 1171 336 Aeneida
1209 296 1325 349 prius
1365 310 1493 349 quam
1526 295 1717 336 bucolica
1750 299 1791 336 et

97 370 297 424 georgica
329 371 662 410 commentatum
695 381 785 408 esse
819 367 887 421 (cf.
916 380 1060 421 georg.
1086 366 1106 406 I
1132 367 1235 419 4883
1268 365 1310 406 II
1341 365 1434 419 170,
1460 366 1564 419 481,
1596 365 1660 406 IlI
1687 366 1790 419 3893

96 440 158 481 IV
202 441 293 481 126.
356 440 448 481 buc.
486 438 569 480 VII
607 439 681 491 263
726 451 871 492 georg.
910 436 972 478 IV
1011 437 1091 478 101
1133 437 1237 477 sicut
1275 437 1317 476 ln
1355 435 1542 476 bzoeolz‘cz‘s
1579 435 1791 492 diximus),

97 511 205 551 illud
237 513 382 551 tamen
408 511 499 565 ipse
525 509 786 562 observavit,
818 508 885 548 his
912 508 1116 561 plenioris
1145 506 1440 548 commentarii
1468 506 1572 547 locis
1600 507 1790 560 legentes

97 581 149 622 ad
182 596 232 622 ea
270 581 453 636 relegari
487 595 594 634 quae
627 579 678 620 ad
711 579 906 619 bucolica
939 581 980 619 et
1012 578 1213 632 georgica
1246 577 1451 618 adnotata
1484 580 1643 617 essent:
1686 577 1790 618 Aen.

96 651 114 691 I
149 652 244 706 744,
275 652 319 693 ΙΙ
354 653 447 705 172,
480 650 543 691 ΙΙΙ
575 650 673 704 420,
704 648 765 690 IV
797 650 895 702 462,
928 648 1034 689 VIII
1061 648 1146 689 368
1175 650 1217 688 et
1243 648 1339 700 677,
1371 646 1431 687 IX
1459 647 1561 700 215,
1593 647 1653 687 XI
1681 647 1790 702 68¹)

97 738 180 776 qua
212 737 255 763 re
287 723 383 776 ipsa
414 722 521 763 nihil
554 720 723 774 quidem
756 720 965 774 probatur
997 719 1079 760 nisi
1113 733 1162 759 ea
1195 717 1408 758 Aeneidos
1443 717 1603 758 scholia
1638 718 1790 772 quibus

96 793 384 834 bucolicorum
417 795 459 834 et
492 791 790 847 georgicorum
823 792 1066 832 commenta
1104 789 1334 830 laudantur
1367 788 1419 828 ab
1452 788 1683 842 interprete
1716 789 1790 830 ali-

95 878 178 917 quo
212 864 371 917 scripta
404 878 496 904 esse
530 863 602 917 qui
634 863 782 904 eodem
815 862 962 903 ordine
987 860 1171 915 Vergilii
1199 859 1389 901 carmina
1418 860 1681 901 enarraverit
1707 874 1789 914 quo

95 934 254 988 scripta
293 932 453 989 sunt,2)
493 933 563 974 sed
603 948 689 974 non
728 932 848 973 deest
886 946 968 986 quo
1007 931 1212 985 plenioris
1246 930 1542 971 commentarii
1574 933 1790 972 auctorem

93 1006 232 1059 ipsum
267 1019 435 1059 quoque
462 1020 486 1045 a
512 1003 705 1045 Serviani
733 1003 872 1057 operis
901 1001 1183 1056 dispositione
1209 1001 1437 1042 recessisse
1465 1001 1790 1043 demonstretur.

93 1091 193 1117 nam
225 1076 314 1117 vita
345 1078 498 1130 poetae
532 1089 658 1128 quam
687 1073 880 1115 Servium
913 1073 1046 1127 ipsius
1079 1072 1339 1113 testimoniis
1375 1076 1544 1113 constat
1576 1073 1789 1113 Aeneidos

94 1146 401 1188 comment-ario
440 1146 714 1199 praemisisse
755 1145 799 1185 in
837 1143 1084 1186 Cassellano
1131 1143 1292 1184 omissa
1333 1144 1414 1183 est:
1460 1158 1586 1197 quam
1632 1143 1788 1184 bucoli-

92 1231 239 1258 corum
283 1216 607 1269 commentario,
653 1216 770 1257 cuius
815 1215 955 1269 prima
996 1229 1096 1268 pars
1143 1228 1237 1255 cum
1280 1213 1431 1267 primis
1473 1213 1789 1256 Lemovicensis

92 1287 208 1329 foliis
246 1287 428 1341 interiit,
472 1287 706 1341 praefixam
746 1301 838 1327 esse
877 1285 1062 1327 conicio:
1108 1284 1218 1339 quod
1259 1284 1454 1325 consulto
1492 1284 1654 1326 factum
1699 1299 1789 1326 esse

91 1358 187 1399 inde
230 1358 497 1413 intellegitur
541 1358 654 1412 quod
693 1357 797 1398 Aen.
836 1357 855 1397 I
898 1358 916 1397 1
954 1354 1012 1412 (p.
1045 1356 1089 1410 ἶ),
1132 1355 1204 1410 14)
1245 1370 1323 1409 pro
1362 1356 1538 1410 vulgata
1577 1356 1791 1410 scriptura

91 1429 196 1470 sicut
226 1430 271 1470 in
295 1430 528 1482 praemissa
559 1429 645 1470 eius
675 1430 760 1469 vita
791 1431 1062 1469 monsz‘raz‘mn
1094 1430 1151 1469 est
1180 1426 1286 1468 haec
1318 1427 1362 1467 in
1398 1427 1473 1468 illo
1508 1427 1619 1468 libro
1647 1427 1790 1481 posita

95 1502 196 1541 sunt
226 1501 330 1541 sicut
360 1501 404 1541 in
428 1501 663 1553 praemissa
696 1500 933 1540 merratlone
964 1502 1235 1540 monstratum
1268 1501 1335 1539 est.

208 1570 305 1612 Duo
339 1570 502 1612 scholia
535 1570 569 1611 si
603 1570 811 1611 diversam
847 1570 937 1610 eius
959 1569 1203 1623 Vergiliani
1230 1569 1312 1610 loci
1340 1569 1391 1609 ad
1421 1584 1546 1624 quem
1574 1569 1790 1623 adscripta

92 1642 180 1683 sint
213 1642 463 1683 memoriam
485 1642 718 1695 sequantur
744 1655 830 1681 non
850 1654 974 1694 posse
997 1640 1185 1681 eiusdem
1207 1654 1298 1681 esse
1331 1639 1578 1694 interpretis
1611 1655 1697 1681 non
1724 1644 1789 1681 est

93 1713 203 1767 quod
236 1727 443 1754 moneam.
507 1712 567 1753 sic
598 1711 703 1752 Aen.
729 1711 749 1752 I
786 1712 867 1753 104
899 1711 1152 1753 Danielinus
1187 1711 1439 1752 scholiastes
1473 1710 1583 1752 ‘tum
1618 1726 1789 1765 proram

93 1783 271 1825 avertit’
309 1783 512 1837 praefert,
553 1781 723 1823 Servius
763 1781 875 1823 ttum
914 1797 1042 1836 prora
1081 1781 1257 1823 avertit’
1291 1782 1616 1836 interpretatur,
1660 1781 1702 1822 II
1735 1782 1790 1822 30

93 1853 244 1894 ‘acies’
279 1854 441 1909 placuit
473 1852 638 1905 Servio,
678 1851 810 1893 ‘acie'
843 1852 969 1893 alteri
1007 1852 1278 1893 scholiastae.
1340 1851 1383 1892 Π
1414 1852 1499 1893 408
1534 1851 1789 1905 tperiturus’

91 1923 278 1977 Servius,
313 1922 590 1966 ‘moriturus‘
624 1922 897 1964 Cassellanus
932 1921 1116 1977 Vergilii
1149 1937 1323 1963 manum
1357 1923 1565 1978 agnoscit.
1628 1922 1671 1963 II
1704 1923 1787 1964 686

97 1993 282 2035 ‘sacros’
338 1995 647 2048 interpretatur
693 1991 888 2045 Servius,
934 1992 1149 2034 ‘sanctos'
1196 1993 1232 2034 is
1279 1994 1395 2034 cuius
1449 1986 1659 2034 scholiuin
1704 2008 1788 2034 uno

92 2064 340 2106 Cassellano
389 2066 606 2106 servatum
653 2066 729 2105 est.
790 2063 854 2104 III
893 2064 978 2105 670
1022 2076 1246 2105 DEXTRAM
1279 2075 1551 2105 ADFECTARE
1594 2062 1789 2105 Serviani

90 2135 208 2190 libri,
258 2148 449 2177 DEXTRA
481 2148 522 2176 A.
556 2134 842 2176 Floriacensis
876 2137 918 2175 et
953 2133 1226 2176 Cassellanus
1260 2135 1303 2175 in
1336 2134 1539 2176 lemmate
1573 2134 1787 2175 exhibent.

210 2204 593 2247 Coniunctionibus
628 2205 783 2259 quibus
816 2204 982 2246 scholia
1014 2204 1342 2246 Danielinorum
1375 2205 1582 2247 librorum
1615 2205 1786 2259 propria

93 2277 277 2332 vulgatis
311 2276 474 2318 adnexa
512 2291 604 2317 esse
643 2275 854 2329 videmus,
893 2275 1046 2316 iisdem
1080 2275 1252 2317 Servius
1286 2291 1388 2317 usus
1423 2278 1487 2317 est
1519 2277 1586 2317 vel
1621 2276 1672 2317 ad
1706 2290 1788 2317 me-

93 2348 322 2389 morabiles
362 2362 428 2389 res
468 2347 680 2388 addendas
719 2347 786 2388 vel
826 2347 878 2388 ad
912 2346 1102 2388 diversas
1137 2347 1374 2388 sententias
1408 2347 1685 2401 proferendas
1719 2347 1787 2387 vel

93 2419 144 2460 ad
184 2418 518 2460 continuandam
559 2418 869 2472 expositionem
909 2418 998 2458 sive
1032 2418 1468 2472 argumentationem:
1513 2421 1560 2459 ut
1592 2417 1787 2459 Servium

92 2489 234 2543 ipsum
266 2490 301 2530 is
335 2489 406 2543 qui
440 2489 676 2543 pleniorem
709 2489 1067 2530 commentarium
1102 2489 1344 2543 composuit
1370 2489 1566 2530 videatur
1592 2489 1786 2529 imitatus

93 2575 194 2601 esse.
246 2574 504 2615 quamquam
536 2575 622 2602 non
655 2561 801 2602 eadem
835 2561 992 2614 ubique
1024 2559 1251 2613 prudentia
1282 2560 1327 2600 in
1353 2574 1402 2601 ea
1429 2559 1673 2601 imitatione
1700 2573 1787 2599 ver-

94 2633 211 2672 satus
251 2633 328 2672 est.
378 2646 478 2672 nam
510 2634 558 2672 ut
590 2631 634 2672 in
665 2646 751 2673 non
782 2631 913 2672 nullis
947 2631 1119 2672 illarum
1153 2631 1501 2672 coniunctionum
1535 2629 1786 2671 adhibendis

191 2796 223 2838 1)
248 2794 335 2828 VIII
362 2799 427 2829 677
455 2794 501 2829 ad
528 2806 652 2840 georg.
680 2795 835 2838 111221,
863 2794 911 2828 IX
933 2797 1000 2828 215
1027 2794 1074 2828 ad
1100 2805 1224 2839 georg.
1250 2794 1298 2828 IV
1326 2798 1392 2828 545
1421 2792 1653 2827 remittimur,
1704 2803 1785 2825 cum

92 2846 237 2891 plenior
262 2848 518 2892 georgicorum
545 2847 831 2882 commentarius
856 2847 941 2881 inde
968 2858 990 2881 a
1016 2847 1041 2890 Ι,
1068 2850 1135 2881 279
1162 2847 1324 2892 perierit,
1351 2858 1422 2881 non
1450 2845 1579 2879 mirum
1608 2846 1664 2879 est
1689 2844 1786 2887 quod

93 2900 130 2933 in
164 2900 301 2934 nostris
334 2899 605 2944 exemplaribus
638 2900 682 2934 de
713 2899 758 2934 iis
791 2899 899 2934 rebus
934 2911 1024 2942 quas
1051 2900 1099 2934 ad
1125 2900 1209 2934 illos
1236 2900 1418 2934 Aeneidos
1445 2899 1544 2932 locos
1571 2897 1785 2931 scholiastes

94 2952 263 2997 exposuit
288 2952 382 2987 nihil
409 2953 519 2987 extat.
571 2952 635 2987 sed
662 2952 872 2988 conferatur
897 2952 1120 2997 Philargyrii
1149 2953 1194 2987 ad
1221 2964 1348 2997 georg.
1376 2951 1426 2985 III
1453 2955 1518 2985 221
1547 2950 1738 2985 scholium.

94 3007 130 3049 2)
165 3016 208 3040 eo
241 3005 369 3040 ordine
394 3005 580 3040 Donatum
606 3018 710 3040 usum
738 3017 816 3041 esse
843 3006 929 3040 inde
956 3008 1112 3051 apparet
1137 3007 1234 3050 quod
1261 3006 1375 3040 vitam
1403 3006 1533 3050 poetae
1560 3005 1606 3040 ab
1633 3016 1675 3040 eo
1703 3016 1786 3039 con-

94 3058 267 3103 scriptam
293 3057 546 3093 bucolicorum
573 3058 756 3103 praefatio
784 3059 959 3102 sequitur.

1452 3116 1504 3151 b*
