2132 3354
278 132 361 166 XIV
973 123 1259 162 PRAEFATIO.

279 240 357 280 bus
391 252 598 292 quaenam
630 235 904 290 praeferenda
937 236 1059 275 esset.
1116 232 1228 286 quod
1262 235 1309 272 ut
1340 233 1455 272 recte
1488 245 1513 271 a
1544 231 1635 272 viro
1668 231 1792 272 docto
1825 230 1968 272 obser-

278 313 424 351 vatum
457 323 548 350 esse
582 321 785 361 agnosco,
818 306 880 346 ita
913 304 1119 358 quaedam
1154 301 1345 343 addenda
1378 315 1468 342 esse
1499 304 1622 356 puto,
1654 302 1808 356 quibus
1835 302 1877 342 et
1901 315 1968 342 res

235 408 237 410 -
278 381 371 435 ipsa
397 380 535 435 magis
562 380 754 419 firmetur
781 380 823 417 et
843 375 949 416 illud
970 373 1286 427 comprobetur,
1313 372 1483 414 etiamsi
1504 370 1733 413 Servianus
1756 385 1968 413 commen-

277 451 413 492 tarius
453 450 525 505 qui
558 449 681 490 hodie
713 448 755 488 in
790 446 976 501 vulgatis
1009 444 1132 485 libris
1169 445 1285 484 extet
1316 443 1419 484 olim
1451 443 1617 497 plenior
1647 443 1795 497 fuerit,
1827 445 1970 484 tamen

280 522 570 562 additamenta
601 519 676 560 illa
708 532 793 558 non
813 509 916 558 'esse
950 530 1000 556 ex
1034 529 1082 556 eo
1115 514 1261 568 petita.

398 591 537 645 Atque
587 590 660 630 ille
712 587 785 642 qui
827 586 1064 641 pleniorem
1109 584 1464 626 commentarium
1508 584 1748 638 composuit
1790 584 1882 638 ipse
1924 585 1969 626 ni

278 663 404 704 fallor
435 661 618 714 curavit,
650 673 702 699 ne
735 658 847 712 quod
881 672 901 697 e
933 656 1114 697 diversis
1147 655 1467 697 commentariis
1501 655 1716 696 conlatum
1750 657 1864 696 esset
1891 670 1968 709 pro

278 734 400 775 unius
433 731 618 773 hominis
652 743 777 783 opere
810 728 1051 769 haberetur.
1113 741 1215 768 nam
1248 740 1342 767 cum
1374 726 1418 767 in
1449 726 1627 780 vulgato
1661 726 1968 767 commentario

276 805 336 845 ita
378 804 569 858 legentes
611 800 664 842 ad
704 799 944 853 superiores
986 796 1275 851 expositiones
1308 798 1580 850 revocentur,
1620 798 1667 838 ut
1699 796 1735 837 is
1769 796 1842 851 qui
1874 810 1970 837 eum

277 875 449 928 scripsit
486 876 584 914 aute
624 871 689 912 vel
730 885 858 924 supra
898 869 948 910 de
981 868 1126 922 aliqua
1158 882 1204 908 re
1238 882 1288 908 se
1321 867 1518 908 dixisse
1552 869 1742 921 moneat,
1779 867 1820 907 111
1855 866 1970 907 addi-

279 945 390 986 ticiis
431 943 603 985 scholiis
643 941 831 982 dictum
875 954 984 981 esse
1030 939 1080 979 de
1125 938 1269 992 aliqua
1305 952 1349 978 re
1383 940 1754 984 commemoratur.
1818 936 1867 978 cf.
1899 936 1965 978 III

281 1016 352 1069 70,
385 1015 456 1069 89,
493 1015 591 1067 103,
628 1012 709 1053 125
743 1014 784 1052 et
816 1011 890 1065 68,
922 1010 1027 1064 407,
1059 1009 1157 1063 420,
1191 1007 1289 1062 545,
1321 1008 1418 1050 550.
1481 1008 1611 1062 quid?
1657 1007 1769 1062 quod
1801 1007 1845 1048 in
1875 1007 1970 1048 bre-

280 1086 394 1127 viore
432 1084 559 1138 primi
607 1087 648 1124 et
686 1082 855 1124 secundi
894 1081 994 1122 libri
1034 1079 1340 1122 commentario
1380 1094 1456 1133 pro
1495 1079 1582 1120 illis
1620 1078 1848 1120 revocandi
1884 1078 1967 1119 for-

277 1145 404 1197 mulis
438 1170 543 1210 quae
576 1156 674 1195 sunt
706 1153 773 1195 ‘ut
806 1168 935 1207 supra
967 1150 1172 1193 diximus’
1204 1150 1272 1192 vel
1306 1149 1375 1191 ‘ut
1405 1149 1610 1191 diximus'
1644 1151 1688 1191 in
1720 1148 1968 1191 Cassellano

279 1229 524 1268 constanter
560 1225 665 1266 haec
698 1224 858 1278 scripta
897 1238 988 1264 esse
1026 1223 1218 1264 videmus
1261 1220 1333 1262 ‘ut
1371 1236 1501 1275 supra
1540 1221 1701 1262 dictum
1741 1219 1844 1262 est':
1886 1220 1972 1261 nisi

279 1297 388 1352 quod
426 1297 571 1351 paucis
611 1296 718 1337 locis
756 1294 970 1336 revocatio
1004 1293 1178 1334 0111111110
1213 1305 1443 1346 suppressa
1475 1293 1550 1331 est.
1613 1290 1663 1331 cf.
1697 1290 1790 1331 Aen
1820 1290 1841 1331 I
1877 1290 1972 1344 157,

282 1369 380 1430 181,
413 1369 516 1422 231,
549 1367 652 1421 382,
683 1366 782 1420 444,
815 1365 914 1419 665,
946 1365 1044 1406 683.
1105 1363 1148 1405 Π
1180 1363 1248 1417 20,
1282 1363 1349 1417 61,
1383 1362 1449 1416 69,
1485 1362 1580 1416 134,
1615 1361 1710 1415 142,
1745 1361 1840 1416 158,
1873 1361 1972 1416 296,

276 1440 374 1493 431,
405 1439 503 1492 471,
535 1438 633 1492 557,
665 1435 803 1492 5621)
859 1437 941 1478 hoc
972 1450 1057 1477 non
1088 1436 1234 1488 potest
1266 1447 1365 1474 casu
1391 1433 1558 1483 *factum
1592 1446 1702 1487 esse3
1733 1446 1870 1486 neque
1902 1446 1968 1473 ve-

278 1525 372 1552 reor
415 1525 469 1550 ne
513 1510 711 1563 cuiquam
756 1507 844 1550 veri
890 1507 1030 1549 simile
1068 1505 1265 1546 videatur
1308 1504 1420 1558 quod
1459 1506 1609 1544 contra
1651 1505 1850 1544 naturam
1896 1505 1972 1557 est,

279 1581 472 1622 Servium
523 1580 665 1634 ipsum
715 1578 1061 1632 inpersonaliter,
1111 1575 1403 1617 breviatorem
1454 1574 1640 1628 aliquem
1686 1574 1973 1628 personaliter

277 1652 446 1693 dixisse.
468 1676 521 1682 ‹—-
543 1666 595 1691 ne
627 1650 733 1691 illud
766 1650 935 1703 quidem
966 1648 1047 1689 1100
1079 1648 1173 1688 1000
1204 1645 1485 1688 omittendum
1514 1647 1595 1698 est,
1628 1644 1680 1685 ad
1702 1645 1806 1686 Aen.
1826 1644 1866 1686 V
1886 1645 1970 1686 498

278 1722 601 1764 memorabilem
642 1721 852 1775 quandam
890 1720 1001 1761 inter
1039 1718 1257 1760 breviores
1298 1717 1431 1758 libros
1473 1719 1514 1758 et
1552 1715 1868 1757 Floriacensem
1912 1715 1973 1757 in-

279 1794 413 1834 veniri
452 1792 801 1846 discrepantiam:
855 1791 899 1832 in
935 1790 1022 1831 illis
1063 1789 1176 1830 enim
1208 1788 1314 1829 haec
1347 1787 1509 1840 scripta
1541 1789 1641 1827 sunt
1672 1787 1719 1827 de
1749 1800 1825 1839 quo
1857 1787 1972 1828 verbo

271 1864 434 1915 plenius
466 1864 615 1904 (Ueturi
640 1876 780 1904 sitinus
811 1861 882 1902 illo
913 1874 1029 1901 versu
1061 1858 1140 1914 (XI
1174 1856 1279 1913 268)
1314 1857 1480 1899 ‘devicta
1510 1857 1619 1898 Asia
1649 1857 1825 1898 subsedit
1853 1857 1972 1898 adul-

278 1934 367 1988 fw’,
399 1934 679 1975 Floriacensis
711 1933 861 1974 (Ζὶσὶΐιιν
892 1945 968 1985 pro
1001 1931 1149 1971 dicturi
1180 1943 1321 1970 smnus
1353 1928 1538 1978 exhibet.
1578 1942 1706 1982 quam
1735 1927 1972 1981 scripturae

279 2005 565 2046 differentiam
591 2019 676 2045 non
703 2019 727 2044 a
753 2002 919 2044 librarii
947 2001 1127 2042 alicuius
1154 1998 1432 2054 neglegentia
1458 1998 1524 2039 vel
1549 1997 1743 2051 libidine,
1776 1997 1849 2038 sed
1874 1997 1972 2038 inde

279 2075 551 2131 repetendam
591 2089 681 2116 esse
721 2074 845 2123 duco,
890 2071 1001 2126 quod
1034 2070 1236 2125 plenioris
1270 2068 1566 2111 commentarii
1599 2070 1749 2109 auctor
1780 2067 1974 2109 breviore

279 2151 326 2188 ut
358 2147 513 2188 dudum
547 2147 745 2187 absoluto
778 2144 990 2185 utebatur.

396 2217 558 2258 Deinde
591 2217 679 2257 illis
711 2216 952 2269 pleniorum
984 2214 1194 2254 librorum
1228 2212 1402 2253 scholiis
1436 2226 1543 2266 quae
1576 2208 1875 2264 ‘quibusdam'
1906 2208 1973 2250 vel

279 2288 419 2330 ‘aliis’
452 2288 614 2328 tributa
653 2289 751 2328 sunt
785 2286 1022 2327 accuratius
1063 2284 1320 2326 examinatis
1355 2285 1396 2324 et
1429 2297 1522 2323 cum
1554 2281 1731 2335 vulgato
1765 2293 1972 2321 commen-

279 2360 388 2400 tario
428 2358 682 2411 comparatis
722 2357 930 2411 quaedam
970 2356 1221 2396 observasse
1260 2354 1426 2407 videor,
1471 2352 1626 2406 quibus
1672 2365 1819 2392 eorum
1866 2364 1973 2404 quae

279 2429 467 2470 Thomas
502 2429 550 2469 de
585 2427 807 2480 amplioris
841 2423 1136 2467 commentarii
1163 2426 1330 2466 ratione
1358 2423 1465 2465 dixit
1490 2423 1594 2464 fides
1623 2423 1844 2477 augeatur.
1890 2434 1974 2474 qua

279 2500 322 2540 in
360 2515 403 2541 re
444 2499 539 2539 inde
580 2499 721 2552 placet
761 2497 893 2538 ordiri
928 2497 1038 2551 quod
1073 2497 1238 2550 aliquot
1270 2495 1393 2548 locis,
1433 2494 1587 2548 quibus
1621 2491 1793 2534 Servius
1827 2504 1974 2532 eorum

280 2585 459 2624 quorum
505 2569 739 2611 sententias
785 2568 965 2622 protulit
1009 2567 1184 2608 nomina
1234 2566 1398 2620 posuit,
1448 2565 1493 2606 in
1542 2562 1806 2618 plenioribus
1851 2560 1973 2602 libris

375 2699 407 2740 1)
443 2708 523 2731 cum
552 2696 744 2741 Scioppius
777 2695 853 2729 cius
885 2694 984 2729 modi
1017 2694 1285 2739 discrepantias
1326 2705 1397 2728 non
1431 2691 1631 2734 curaverit,
1669 2690 1708 2724 in
1732 2689 1777 2724 iis
1802 2688 1971 2734 partibus

280 2764 373 2796 quae
401 2751 509 2785 hodie
538 2752 573 2784 in
602 2748 811 2784 Cassellauo
840 2748 1095 2782 desiderantur
1121 2747 1183 2781 ubi
1210 2747 1354 2790 vulgati
1380 2745 1466 2780 libri
1494 2746 1555 2779 ‘ut
1581 2754 1692 2788 supra
1712 2741 1891 2776 diximus'
1916 2752 1974 2775 ex-

279 2805 407 2839 hibent
438 2803 533 2838 nihil
565 2800 734 2836 adnotari
762 2800 892 2845 potuit.
928 2821 970 2824 —
1014 2801 1021 2832 Ι
1066 2805 1129 2834 157
1158 2802 1195 2834 et
1220 2804 1284 2834 231
1312 2798 1561 2841 Monacensis,
1595 2797 1658 2841 qui
1685 2794 1833 2830 omnino
1859 2793 1971 2838 paulo

279 2858 429 2902 propius
469 2867 578 2901 quam
619 2854 730 2889 ceteri
769 2853 955 2887 breviores
994 2853 1078 2886 libri
1117 2854 1163 2887 ad
1202 2852 1409 2897 pleniorum
1447 2850 1662 2885 memoriam
1693 2846 1854 2891 accedit,
1892 2856 1975 2880 cum

280 2909 489 2943 Cassellano
518 2907 711 2942 consentit.
748 2927 787 2931 »-
829 2907 989 2940 ceterum
1016 2905 1155 2939 scholia
1181 2907 1227 2939 ad
1254 2906 1267 2938 J
1290 2908 1356 2939 382
1384 2906 1421 2938 ct
1447 2903 1479 2937 ΙΙ
1501 2907 1544 2937 69
1571 2900 1737 2946 inprimis
1764 2901 1853 2944 apta
1880 2900 1976 2941 sunt,

279 2962 410 3006 quibus
437 2960 652 2996 ostendatur
679 2970 788 3003 quam
815 2958 920 2992 anxie
947 2958 984 2991 in
1012 2957 1223 2997 Cassellano
1250 2957 1453 3003 personalis
1478 2955 1617 2990 locutio
1643 2955 1787 2988 mutata
1815 2952 1874 2987 sit.
1923 2951 1975 2986 ibi

280 3014 375 3048 enim
404 3014 550 3048 Servius
582 3013 626 3046 ad
661 3024 703 3046 ea
736 3022 829 3054 quae
857 3011 985 3045 eodem
1013 3010 1154 3044 scholio
1182 3011 1308 3055 paucis
1336 3009 1500 3045 versibus
1526 3009 1610 3043 ante
1637 3006 1782 3041 dixerat
1806 3005 1975 3050 legentes

280 3067 430 3102 remisit.
