2204 3437
556 190 706 227 0οΜΜ.
732 190 783 227 111
811 190 949 227 VERG.
977 190 1085 226 AEN.
1112 189 1173 227 iv.
1201 194 1396 227 ‹nv—028.
1733 189 1817 233 573

248 300 343 342 624.
393 303 573 353 †12012n1
600 305 673 343 ant
704 301 951 355 populorum
988 304 1062 341 ant
1089 301 1271 354 populis,
1311 304 1357 342 ut
1386 301 1508 353 Afris
1538 315 1701 354 quoque.

128 382 216 413 NEC
260 383 472 413 FOEDERA
519 383 666 414 SVNTO
714 373 808 425 [pro
851 375 948 414 sunt
989 375 1026 412 et
1066 372 1167 423 sint]
1220 371 1317 425 quia
1361 376 1488 425 rupta
1533 376 1633 413 sunt
1676 373 1818 414 tertio.

129 441 298 483 ‘sunto'
333 446 474 484 autem
506 444 552 484 id
579 446 637 484 est
668 442 772 484 sint:
811 446 854 484 et
885 443 934 484 fit
965 445 1141 497 propter
1173 444 1356 482 metrum
1389 443 1533 484 addita
1567 442 1633 484 ‘o’
1665 443 1819 485 tertiae

126 527 333 567 personae
364 514 530 555 numeri
562 514 739 569 pluralis
771 513 886 555 modi
918 512 1157 566 indicativi,
1191 515 1238 553 ut
1279 512 1495 555 ‘amanto'
1533 519 1687 569 amant,
1728 514 1819 556 edo-

116 583 266 626 .cento'
299 585 447 636 docent,
478 583 697 640 ‘legunto’
731 585 876 638 leynnt,
909 582 1172 625 ‘nutriunto'
1212 585 1411 626 nutriunt.
1474 584 1673 627 Vrbanus
1705 586 1819 639 dicit,

127 654 258 696 verbo
292 669 387 696 eum
418 656 522 697 iuris
553 670 679 696 usum
711 657 886 709 propter
919 654 1016 695 odia
1048 653 1321 697 hereditaria.

241 726 338 767 625.
388 737 622 768 EXORIARE
656 726 891 767 exoriatur:
924 729 966 767 et
997 725 1186 767 ostendit
1217 724 1519 768 Hannibalem.
1609 739 1671 768 Ex
1705 738 1818 769 0881-

127 808 211 838 BVS
244 797 473 838 secundum
506 797 807 851 Anaxagoran,
840 797 911 851 qui
944 797 1292 838 homoeomerian
1323 797 1437 851 dicit,
1470 798 1512 838 id
1540 802 1605 838 est
1631 800 1820 839 omnium

127 868 413 909 membrorum
447 868 791 922 similitudinem,
830 883 921 909 esse
953 868 997 908 in
1028 868 1156 908 rebus
1197 867 1389 908 creandis
1423 868 1483 920 [id
1517 869 1599 920 est]
1635 884 1684 909 ex
1717 870 1820 910 ossi-

127 938 225 993 bus,
258 953 307 980 ex
341 940 564 994 sanguine,
597 954 646 980 ex
678 938 895 979 medullis:
927 953 1028 979 nam
1061 938 1205 980 omnia
1236 953 1312 992 pro
1345 941 1467 992 parte
1501 939 1565 979 sui
1599 942 1821 980 transeunt

128 1010 170 1051 in
204 1011 553 1064 procreationem.
614 1009 836 1051 Lucretius
876 1009 923 1063 <I
957 1009 1070 1063 830>
1109 1024 1241 1050 1111110
1278 1009 1336 1050 ad
1368 1009 1707 1064 Anaxagorae
1745 1025 1822 1051 ve-

127 1081 326 1122 niamus
358 1081 784 1123 homoeomerian.
845 1094 944 1122 sane
974 1080 1125 1122 Punici
1155 1094 1203 1122 096
1234 1080 1387 1122 ossibus
1411 1081 1551 1122 (lie-unt
1575 1081 1677 1121 oriri
1699 1084 1823 1133 poste-

126 1165 204 1206 ros,
235 1167 332 1205 qnos
361 1166 435 1194 nos
465 1166 514 1194 eac
543 1153 752 1205 sanynine.
803 1166 859 1193 an
884 1152 981 1205 qnia
1004 1155 1100 1205 post
1125 1152 1287 1205 longlum
1314 1155 1466 1205 tempus
1490 1155 1677 1193 nascetur
1702 1151 1822 1193 Han-

127 1224 251 1275 nibal,
282 1224 368 1265 ideo
400 1223 469 1265 ‘ex
499 1222 673 1265 ossibns'
697 1223 870 1276 posuit?

246 1295 344 1336 626.
393 1311 490 1336 104οΕ
513 1311 734 1337 mammos
762 1295 960 1336 incendiis
985 1294 1149 1335 urbium
1174 1293 1395 1336 Italarum.
1486 1311 1689 1341 menoare
1717 1308 1823 1336 exer-

128 1366 280 1407 cituum
311 1365 508 1407 caedibus.
621 1382 797 1412 SEQVARE
819 1380 899 1418 pro
932 1364 1141 1418 ‘seqnewffi

247 1437 343 1478 627.
393 1454 497 1479 mave
521 1454 613 1478 orm
643 1437 758 1477 modo
791 1435 930 1477 ‘olim'
960 1436 1096 1488 fictici-i
1128 1436 1337 1488 temporis:
1369 1438 1407 1478 et
1435 1436 1603 1488 quidam
1633 1439 1826 1489 separant

122 1509 448 1561 pronuntiantes,
479 1511 525 1548 nt
554 1508 607 1549 sit
638 1507 787 1549 ‘neme’
819 1508 951 1558 morlo,
985 1506 1124 1549 ‘olim'
1150 1511 1311 1561 postea,
1342 1508 1461 1560 quasi
1486 1508 1594 1548 dieat
1620 1506 1692 1548 ‘vel
1717 1521 1825 1548 nune

128 1579 189 1621 vel
220 1580 333 1629 olim,
380 1593 624 1632 quocumque
666 1579 820 1620 dabunt
861 1593 901 1620 se
946 1581 1116 1632 tempore
1158 1577 1294 1628 vires'‚
1337 1579 1435 1631 qnia
1477 1579 1826 1632 qnotiensenmque

127 1651 342 1692 valuerunt
384 1650 513 1692 Poeni
557 1650 659 1692 bella
703 1653 1016 1691 renovaverunt:
1060 1663 1158 1690 nam
1201 1650 1287 1690 ideo
1328 1650 1389 1690 ait
1432 1648 1629 1703 epnynent
1670 1651 1825 1704 ipsique

129 1725 364 1776 nepotesque
373 1720 396 1763 ⁹.

246 1793 342 1835 628.
392 1810 529 1835 LJTORA
554 1810 705 1835 LJTORJB
715 1809 757 1834 VS
782 1809 992 1835 CONTRARIA
1024 1795 1098 1833 ant
1127 1792 1225 1845 quia
1262 1793 1306 1833 in
1341 1791 1496 1844 foedere
1532 1795 1696 1834 cantum,
1731 1792 1825 1846 fuit,

128 1867 175 1905 nt
204 1878 330 1917 neque
367 1864 549 1905 Romani
588 1863 654 1905 ad'
683 1865 805 1905 litora
843 1863 1245 1917 Cartliayiniensinm
1282 1865 1524 1914 accederent,
1566 1877 1688 1916 neque
1726 1862 1823 1905 Car-

129 1934 398 1989 thayinienses
436 1937 492 1977 acl
527 1936 647 1977 litora
684 1934 989 1976 Romanorum:
1035 1938 1108 1975 ant
1141 1938 1274 1988 potest
1307 1938 1475 1988 propter
1518 1935 1621 1976 bella
1656 1934 1825 1975 navalia

129 2007 259 2059 accipi
289 2006 394 2047 inter
425 2006 632 2048 Romanos
663 2009 700 2047 et
729 2006 858 2058 Afros
885 2009 1009 2059 qesta.
1119 2017 1375 2048 FLvoTIBvs
1408 2017 1560 2048 VNDAS
1594 2017 1825 2048 INPRECOR

227 2139 247 2169 3
275 2136 382 2169 sunto
408 2135 532 2169 autem
561 2164 566 2169 .
590 2162 596 2169 .
618 2163 625 2169 .
653 2134 860 2180 nutriunto]
889 2134 932 2168 cf.
962 2134 1080 2169 Servii
1106 2145 1235 2169 comm.
1263 2134 1300 2168 in
1326 2134 1418 2169 Don.
1445 2147 1479 2179 p.
1507 2138 1586 2179 414,
1613 2138 1657 2169 37
1678 2146 1755 2178 sqq.
1782 2134 1823 2169 K.

228 2258 243 2287 1
273 2266 394 2288 popvm
415 2255 538 2288 autem
560 2253 688 2298 populi
707 2252 882 2288 Romani:
909 2254 974 2287 aut
993 2266 1146 2294 Pom-ms,
1174 2255 1214 2287 ut
1235 2252 1332 2286 Afris
1353 2252 1602 2296 Romanisque
1623 2252 1669 2286 F.
1686 2252 1825 2287 8011οεῖ-

136 2301 207 2335 lius
225 2301 237 2345 ΙΙ
256 2304 276 2335 2
291 2311 358 2345 pro
373 2302 458 2335 sunt
473 2302 510 2335 et
528 2301 617 2346 sint]
641 2302 749 2335 sunto
770 2312 836 2345 pro
858 2302 942 2335 sunt
961 2302 999 2335 et
1018 2300 1091 2334 sint
1106 2301 1251 2335 Daniel.
1277 2301 1359 2343 soit.
1381 2311 1446 2344 pro
1464 2299 1579 2334 ‘sint’.
1606 2301 1643 2334 et
1659 2300 1798 2335 ‘sunto’
1814 2300 1825 2345 Η

131 2349 239 2393 rapta
263 2348 354 2382 NH
374 2348 386 2392 ΙΙ
413 2352 433 2382 4
460 2350 586 2382 ament
610 2351 642 2382 et
668 2348 826 2382 doceant
851 2348 987 2382 Daniel
1007 2349 1150 2391 primus
1175 2349 1187 2392 Η
1218 2352 1237 2381 5
1264 2347 1394 2392 legunt
1420 2351 1450 2381 et
1476 2347 1644 2381 nutriunt
1669 2358 1749 2391 eqo:
1775 2348 1824 2382 le-

133 2397 225 2440 gant
250 2397 287 2430 et
310 2395 476 2430 nutriant
501 2395 539 2429 F
555 2397 567 2439 ΙΙ
586 2395 756 2430 Vrbanus
783 2395 887 2441 dicit]
916 2395 982 2429 alii
1008 2395 1137 2430 dicunt
1161 2395 1200 2429 F
1215 2397 1227 2439 ss
1247 2395 1337 2429 dicit
1362 2394 1490 2440 verbo]
1518 2394 1652 2428 dicitur
1676 2394 1722 2429 bo
1750 2395 1793 2428 H
1813 2395 1825 2439 Η

133 2447 151 2477 7
178 2442 388 2478 annibalem
415 2442 494 2477 FL
507 2443 549 2477 M
569 2444 619 2487 {18
648 2454 884 2496 anaxagoran
909 2442 1012 2476 FN:
1038 2454 1286 2488 anaxagoram
1312 2442 1395 2476 LH
1403 2442 1448 2476 M
1458 2454 1481 2475 n
1501 2443 1512 2486 ΙΙ
1531 2441 1598 2495 qui·
1620 2452 1724 2476 011100
1750 2454 1825 2486 my-

131 2489 262 2525 rianda
287 2489 326 2524 F
360 2490 546 2534 quomodo
573 2490 717 2533 miryan
742 2490 783 2523 N
818 2489 881 2534 qui
907 2490 1158 2533 omeomiryan
1184 2502 1209 2524 n
1245 2489 1307 2533 qui
1333 2490 1490 2524 homoeo
1518 2489 1649 2523 mirian
1670 2489 1703 2522 L
1736 2501 1824 2533 quo-

133 2537 389 2581 moeomyrian
415 2538 459 2571 H
491 2537 555 2581 qui
581 2537 833 2591 omyomerian
855 2538 902 2571 M
919 2538 930 2581 ΙΙ
950 2541 970 2572 9
998 2537 1033 2571 id
1060 2540 1117 2572 est
1141 2538 1269 2572 seclusi
1287 2539 1298 2580 ΙΙ
1317 2536 1355 2571 id
1382 2539 1501 2571 est..
1526 2564 1531 2569 .
1559 2547 1602 2570 ex
1628 2536 1823 2582 sanguine]

136 2595 223 2630 ergo
249 2585 344 2619 sicut
369 2596 413 2619 ex
439 2585 579 2620 ossibus
606 2584 670 2619 sic
684 2596 727 2619 ex
754 2584 931 2638 sanguine
960 2585 1004 2618 M
1024 2586 1036 2629 ΙΙ
1064 2589 1103 2618 11
1133 2584 1332 2619 luci-entius
1358 2584 1397 2618 F
1412 2586 1424 2627 ΙΙ
1443 2584 1489 2617 ad
1515 2596 1579 2619 om.
1608 2584 1639 2617 L
1660 2585 1824 2627 110110Χο-

134 2631 239 2675 goria
262 2631 355 2666 NH
387 2632 673 2677 anaxagssoriam
700 2632 733 2665 L
760 2634 798 2675 (g
817 2633 858 2666 in
876 2643 946 2666 ras.
963 2633 987 2675 l)
1007 2632 1019 2676 ΙΙ
1040 2636 1082 2666 12
1109 2643 1256 2676 omeory
1260 2642 1306 2665 an
1334 2631 1373 2665 F
1403 2631 1678 2666 onioeomiriam
1699 2631 1741 2665 N
1745 2631 1826 2664 HL

133 2678 383 2724 omyomerian
409 2680 465 2715 M.
509 2691 606 2714 nunc
633 2681 673 2714 ut
698 2690 929 2723 anaxagorae
955 2681 1157 2714 scrutemur
1190 2678 1487 2714 homoeomerian
1515 2678 1706 2712 Lucretius
1735 2679 1746 2721 ΙΙ
1778 2679 1826 2712 ad

134 2737 179 2761 ex
210 2726 353 2761 ossibus
384 2738 484 2771 supr.
516 2738 603 2761 vers.
637 2726 787 2770 quidam
825 2726 975 2761 tradunt
1013 2726 1112 2770 quod
1150 2726 1260 2769 poeni
1295 2726 1457 2760 sentiant
1489 2738 1531 2759 ex
1563 2724 1704 2760 ossibus
1738 2725 1825 2760 oriri

134 2774 300 2818 posteros
327 2774 425 2818 quod
450 2785 516 2808 nos
543 2774 724 2808 credimus
750 2785 793 2807 ex
819 2773 995 2818 sanguine
1022 2773 1100 2808 fieri
1130 2773 1187 2817 ΤΗ
1215 2778 1255 2808 13
1283 2773 1433 2807 annibal
1460 2773 1498 2806 F
1514 2774 1526 2817 ΙΙ
1548 2776 1588 2806 15
1617 2773 1663 2806 (1ιί
1688 2772 1768 2807 face
1795 2776 1826 2806 et

135 2821 303 2865 ferroque
329 2832 427 2866 supr.
448 2832 535 2856 veis.
556 2820 735 2855 incendiis
761 2821 907 2854 urbium
931 2821 1105 2856 italarum
1132 2825 1163 2855 et
1183 2820 1356 2855 caedibus
1381 2820 1412 2853 T
1426 2822 1438 2863 ΙΙ
1457 2819 1620 2854 incendis
1641 2819 1679 2853 F
1694 2820 1706 2863 ΙΙ
1725 2830 1825 2853 exer-

135 2867 248 2902 citum
269 2867 335 2913 Fu
357 2872 398 2903 16
421 2881 575 2907 anvfflzss
596 2868 635 2902 F
651 2869 662 2912 ΙΙ
684 2872 724 2902 17
753 2869 801 2902 ad
826 2880 920 2902 nunc
947 2868 1036 2903 olim
1059 2879 1158 2912 supr.
1179 2880 1265 2902 vere.
1288 2868 1392 2911 quasi
1419 2867 1557 2901 diceret
1582 2866 1716 2901 abhinc
1737 2866 1825 2900 ordo

137 2916 193 2949 est
217 2927 312 2949 nunc
338 2916 520 2960 imprecor
546 2917 583 2950 et
608 2915 696 2950 olim
722 2916 764 2949 ut
788 2917 953 2959 pugnent
985 2916 1096 2951 litora
1128 2917 1255 2950 nostra
1281 2920 1311 2948 ιι
1338 2915 1382 2948 ab
1409 2915 1484 2948 alia
1510 2926 1621 2947 manu
1649 2915 1686 2948 in
1713 2925 1824 2958 marg)

137 2961 246 2997 modo
273 2962 363 2997 olim
390 2990 397 2997 .
419 2991 425 2997 .
448 2992 454 2998 .
481 2965 707 3008 nepotesque
732 2962 789 3006 ΤΙΙ
811 2967 851 2997 18
879 2962 943 3008 sit]
970 2962 1020 2997 sic
1041 2963 1079 2997 F
1102 2974 1198 2997 nunc
1224 2963 1386 2996 omittens
1405 2963 1416 3004 ΙΙ
1438 2966 1479 2995 19
1506 2961 1646 2995 dabunt
1672 2972 1709 2995 se
1736 2963 1826 2995 tem·

136 3020 223 3053 pere
248 3009 361 3055 vires]
389 3010 530 3044 dabunt
555 3011 593 3044 et
618 3009 761 3053 reliqua
787 3009 835 3052 F,
860 3021 925 3044 om
957 3010 988 3044 T
1010 3010 1022 3055 ΙΙ
1054 3010 1351 3068 cotienscumque
1377 3008 1416 3042 F
1443 3011 1455 3052 Η
1487 3013 1530 3042 20
1558 3008 1753 3042 ualuerunt
1782 3007 1824 3041 T:

139 3056 324 3091 ualuerint
349 3056 389 3090 F
422 3057 607 3092 voluerint
632 3056 768 3091 Daniel
788 3058 932 3101 primns
951 3059 962 3101 ΙΙ
981 3057 1137 3102 poeniue
1164 3056 1203 3090 F
1219 3057 1230 3100 ΙΙ
1251 3056 1349 3090 bella
1375 3060 1647 3089 renouaueiunt
1676 3055 1721 3088 Τ.
1751 3055 1824 3090 bel-

137 3103 214 3137 lare
238 3105 421 3139 nouarunt
446 3104 486 3138 F
518 3103 709 3139 renouatss
735 3104 872 3139 Daniel
895 3106 906 3148 ΙΙ
934 3116 1019 3139 110111
1046 3116 1111 3139 om.
1138 3104 1275 3138 Daniel
1299 3105 1310 3146 ΙΙ
1338 3106 1381 3136 22
1410 3115 1531 3136 1110111
1559 3115 1736 3136 miofflnvs
1763 3104 1828 3136 aut

138 3150 226 3194 quia
252 3179 259 3185 .
282 3179 289 3186 .
310 3179 317 3186 .
345 3153 383 3185 et
406 3151 504 3186 afros
529 3152 635 3196 gesta
660 3151 700 3185 in
726 3163 836 3196 mayry.
867 3151 898 3185 T
912 3153 924 3196 11
943 3155 987 3186 23
1014 3149 1373 3195 Carthaginiensium
1403 3178 1408 3183 .
1431 3179 1438 3185 .
1461 3178 1467 3184 .
1495 3149 1541 3184 ad
1568 3149 1679 3184 litora
1703 3160 1768 3185 om.
1791 3149 1830 3183 F

1474 3209 1545 3243 37*

1846 592 1866 621 5

1850 946 1890 975 10

1851 1301 1893 1330 15

1851 1658 1894 1688 20

1851 2014 1894 2044 25
