2204 3437
596 201 744 236 COMM.
772 202 821 236 IN
848 202 987 237 VERG.
1015 203 1123 237 AEN.
1152 203 1211 237 IV.
1239 208 1318 237 93-
1336 209 1410 239 102.
1758 207 1838 247 481

151 309 421 362 temporales
514 327 727 356 morosam
750 327 987 353 sirmeum-sos
1017 311 1106 362 lieet
1133 311 1278 362 fabula
1309 313 1355 353 de
1380 313 1615 366 Hymenaeo
1642 315 1686 356 in
1703 316 1842 368 primo

151 380 251 421 libro
283 380 422 438 <651>
455 384 628 421 narrata
658 381 712 422 sit
742 381 925 431 breviter,
958 384 1092 422 tamen
1121 381 1283 434 plenior
1320 383 1414 424 talis
1452 388 1529 425 est:
1567 386 1841 439 Hymenaeus,

150 450 418 501 Atheniensis,
449 452 546 492 adeo
570 451 738 504 pulcher
765 452 858 506 fuit,
896 455 942 492 ut
970 452 1199 493 adulescens
1225 452 1363 505 puella
1389 457 1616 505 putaretur.
1678 458 1714 498 is
1751 471 1841 498 eum

148 536 276 563 ‘eniam
305 523 503 575 viryinem
541 522 711 564 nobilem
750 524 835 575 ipse
871 523 1121 564 mediocriter
1157 527 1268 565 ortus
1303 525 1533 566 adamasset
1569 527 1728 579 eiusque
1766 542 1839 569 nu—

139 593 254 645 ptias
285 594 521 645 desperaret,
552 595 659 646 quod
687 607 816 634 unum
838 597 1009 646 poterat,
1034 595 1227 646 sequendo
1252 594 1434 647 puellam
1460 598 1593 637 seniori
1616 599 1717 639 satis
1739 600 1838 650 j'aei-
1864 610 1884 640 5

147 664 244 704 ebat.
311 665 380 705 secl
415 678 505 705 eum
545 664 856 706 Atheniensium
899 665 1176 706 nobilissimae
1217 666 1393 718 viryines
1436 667 1662 708 Eleusinae
1707 668 1840 710 Cereri

147 749 267 776 saera
295 735 484 789 facerent,
514 736 642 776 subito
674 736 846 777 adventu
870 736 1110 788 piratarum
1140 739 1282 789 raptae
1312 740 1429 777 sunt:
1461 738 1567 779 inter
1592 753 1693 791 quas
1718 741 1839 781 etiam

149 806 428 859 IIymenaeus,
466 807 536 859 qm?
573 806 643 847 illo
675 810 858 847 amatam
892 807 1030 859 fuerat
1065 811 1239 861 secutus,
1277 811 1485 861 tamquam
1516 810 1657 861 puella
1697 815 1840 863 raptus

145 880 212 918 est.
272 878 342 918 sed
370 891 460 918 eum
483 878 649 929 piratae
672 879 875 930 praedam
898 892 975 930 per
1005 879 1142 919 maria
1174 879 1394 932 lonyinqua
1417 883 1668 932 portassent,
1701 882 1746 922 in
1776 883 1837 923 de-

144 951 294 990 sertam
330 948 526 1001 reyionem
564 948 687 989 delati
729 962 777 989 ae
804 949 973 1001 fatiyati
1002 962 1141 990 somno
1172 963 1212 989 se
1243 950 1456 991 dederunt:
1497 965 1594 1002 quos
1625 965 1715 992 eum
1745 954 1835 993 uni-
1866 962 1909 993 10

142 1033 275 1060 versos
306 1019 510 1060 occidisset
539 1019 812 1072 Hymenaeus,
844 1020 992 1061 relictis
1024 1020 1079 1060 ibi
1110 1020 1334 1073 viminibus
1359 1021 1545 1062 Athenas
1570 1036 1749 1064 reversus
1780 1028 1838 1065 est

139 1090 333 1143 petiitque
363 1104 390 1130 a
421 1089 582 1143 civibus,
613 1093 674 1143 ut⁷
705 1091 743 1131 si
772 1091 949 1143 viryines
985 1105 1087 1142 quae
1124 1095 1265 1143 raptae
1300 1092 1468 1143 fuerccnt
1504 1093 1740 1143 reduxisset,
1777 1096 1834 1136 di-

141 1161 260 1202 leetae
289 1161 457 1213 nuptias
490 1161 730 1213 impetraret.
791 1174 893 1213 quas
929 1175 1019 1202 eum
1056 1162 1294 1211 reduxisset,
1333 1167 1514 1215 optatam
1544 1164 1590 1204 in
1627 1166 1835 1207 matrimo-

141 1233 258 1273 nium
287 1232 485 1285 virqinem
510 1233 667 1272 meruit.
708 1233 814 1284 quod
837 1233 1067 1286 eon't'uyium
1092 1234 1190 1285 quia
1212 1234 1314 1285 felix
1332 1234 1485 1286 vfluerat,
1503 1235 1664 1287 placuit
1690 1238 1836 1287 [omni-

139 1303 227 1355 bus]
250 1303 563 1344 Athem'ensibus
582 1304 767 1344 omnibus
786 1304 942 1356 nuptiis
962 1304 1192 1357 Hymenaei
1217 1319 1360 1346 nomen
1386 1306 1584 1347 interesse.
1632 1310 1689 1348 est
1712 1308 1835 1348 etiam
1864 1318 1903 1347 15

142 1374 229 1415 alia
267 1375 373 1415 ratio
411 1374 613 1415 vocabuli:
652 1388 750 1415 nam
780 1374 926 1428 hymen
957 1376 1153 1427 quaedam
1192 1377 1428 1417 membrana
1466 1378 1584 1429 quasi
1620 1378 1836 1431 viiyinalis

138 1445 301 1499 puellae
325 1458 405 1486 esse
428 1445 599 1486 dieitur:
625 1460 706 1498 qua
730 1449 854 1499 rupta
878 1447 977 1498 quia
1002 1447 1161 1488 desinat
1184 1460 1264 1488 esse
1288 1448 1410 1501 iiryo,
1436 1447 1646 1501 hymenaei
1669 1451 1836 1502 nuptiae

136 1516 274 1558 dietae.

256 1588 350 1641 100,
400 1599 548 1629 HABES
582 1600 701 1629 TOTA
735 1601 860 1638 QVOD
893 1601 1048 1630 MENTE
1082 1602 1259 1632 PETISTI
1297 1593 1471 1645 propter
1509 1591 1614 1632 illud
1647 1592 1693 1644 <1
1720 1593 1833 1647 676>

136 1661 371 1700 nostram
402 1673 533 1700 nunc
566 1659 736 1713 accipe
770 1663 996 1702 mentem.
1857 1672 1902 1703 2ο

257 1731 349 1772 101.
400 1747 530 1772 ARDET
551 1747 682 1772 AMANS
707 1748 798 1772 omo
820 1731 914 1784 plus
945 1733 1051 1772 dixit
1079 1732 1193 1783 haee,
1225 1748 1347 1785 (palm
1382 1734 1513 1775 Venus
1544 1735 1832 1786 imperaverat:

134 1801 209 1843 illa
246 1802 354 1843 enim
390 1802 552 1843 dixerat
587 1801 635 1854 <1
673 1801 785 1856 675>
822 1803 905 1843 sed
939 1816 1110 1856 mayno
1149 1804 1338 1845 Aeneae
1382 1819 1561 1846 meeum
1607 1809 1831 1847 teneatur

132 1887 308 1927 amore,
339 1872 434 1914 haee
465 1873 572 1914 dixit
603 1866 757 1914 ‘ardet’
790 1877 826 1915 et
864 1873 1015 1915 ‘tramit
1047 1875 1262 1926 furorem’.
1332 1875 1500 1918 ‘traxit’
1538 1879 1673 1918 autem
1713 1878 1828 1929 discit,

135 1947 183 1986 ut
210 1944 402 1998 spiritum
435 1943 590 1985 trahere
621 1945 803 1986 dicimus.

253 2016 346 2057 102.
402 2032 618 2058 COMMVNEM
640 2033 746 2059 HVNe
769 2034 867 2058 niceo
892 2035 961 2059 1²01)
970 2035 1074 2059 nm]
1102 2021 1239 2059 utrum
1271 2020 1327 2060 ad
1355 2019 1485 2060 solnm
1517 2018 1827 2072 Uarthayinimi-
1854 2030 1898 2059 25

129 2101 212 2129 sem
242 2087 398 2137 retulit,
429 2100 546 2139 quem
576 2087 671 2128 velit
698 2088 777 2129 sibi
806 2102 1055 2129 communem
1086 2103 1166 2132 esse
1195 2103 1285 2130 eum
1320 2090 1490 2131 Venere:
1522 2104 1577 2131 an
1602 2094 1827 2143 utrumque,

130 2159 175 2199 id
202 2161 259 2199 est
291 2158 436 2212 Tyrios
466 2161 503 2199 et
535 2158 763 2201 Troianos?
855 2172 1141 2210 PARIBVSQVE
1170 2172 1385 2202 REGAMVS
1412 2173 1631 2203 Avsricns
1659 2162 1827 2216 aequali

224 2313 243 2343 2
275 2309 508 2353 Hymenaeus
540 2310 774 2345 Atheniensis
808 2324 836 2346 e.
865 2324 898 2355 q.
927 2312 970 2357 s.]
1006 2312 1048 2346 cf.
1076 2313 1178 2347 Luet.
1205 2312 1304 2347 Plac.
1332 2313 1379 2347 ad
1406 2314 1498 2349 Stat.
1527 2314 1641 2348 Theb.
1668 2314 1719 2347 ΠΙ
1745 2317 1823 2348 283.

129 2357 312 2402 mythogr.
341 2358 355 2390 I
384 2360 444 2400 75,
471 2358 503 2391 ΙΙ
529 2362 616 2401 219,
645 2359 693 2392 ΙΙΙ
721 2363 780 2400 11,
807 2364 826 2393 3
859 2361 871 2403 ΙΙ
910 2363 950 2393 15
978 2362 1032 2394 est
1058 2360 1171 2395 etiam
1199 2389 1205 2395 .
1236 2390 1242 2396 .
1270 2389 1276 2395 .
1304 2361 1440 2406 dictae]
1479 2362 1523 2395 ef.
1550 2361 1641 2395 Don.
1669 2361 1715 2395 ad
1742 2361 1822 2396 Ter.

129 2404 276 2449 adelph.
304 2404 335 2437 V
363 2408 393 2447 7,
421 2409 452 2438 6.
497 2404 579 2439 [sid.
609 2417 658 2440 or.
685 2406 734 2440 IX
763 2411 793 2450 7,
820 2411 863 2440 22

225 2550 239 2580 1
268 2559 392 2580 meros
421 2546 460 2580 F
487 2548 499 2591 ΙΙ
529 2547 618 2582 licet
648 2578 653 2583 .
683 2576 689 2581 .
719 2575 725 2581 .
758 2548 908 2592 nuptiae
935 2551 1019 2583 sunt
1044 2549 1164 2583 dictae
1193 2551 1231 2583 in
1256 2561 1367 2594 m-ary.
1397 2550 1462 2592 inf.
1496 2551 1525 2582 'l'
1553 2551 1564 2593 ΙΙ
1602 2555 1621 2583 2
1649 2552 1822 2584 enarrata

127 2593 263 2627 Daniel
283 2595 426 2637 primus
453 2595 465 2638 11
496 2600 515 2628 3
543 2595 774 2629 athenienses
801 2596 840 2629 F
862 2597 874 2640 ΙΙ
905 2596 1133 2642 adulescens]
1161 2608 1241 2631 cnm
1271 2600 1367 2631 esset
1393 2597 1606 2632 adulescens
1632 2610 1723 2641 puer
1754 2598 1785 2630 Τ
1810 2617 1811 2624 1

126 2644 147 2674 4
172 2641 299 2675 hortus
326 2641 438 2685 FT„
464 2646 483 2675 5
511 2654 634 2676 amore
662 2643 701 2676 F
723 2644 735 2687 ΙΙ
767 2648 785 2678 6
812 2643 988 2678 eliusinae
1016 2644 1055 2677 F
1075 2646 1086 2687 ΙΙ
1120 2648 1137 2678 7
1165 2644 1286 2678 subitu
1313 2645 1473 2679 aduento
1500 2648 1712 2689 pyratarum
1751 2644 1788 2679 F

126 2691 146 2722 8
173 2688 396 2731 hymenaeos
424 2689 462 2723 F
478 2691 490 2734 ΙΙ
510 2691 673 2723 amatum
700 2690 739 2723 F
755 2692 766 2734 ΙΙ
786 2691 923 2736 pueHa]
951 2702 1074 2726 amore
1103 2693 1184 2725 fuld.
1207 2692 1245 2725 F
1261 2693 1272 2735 ΙΙ
1293 2696 1311 2725 9
1339 2695 1491 2736 pyratae
1520 2692 1559 2725 F
1574 2694 1585 2735 ΙΙ
1605 2690 1721 2727 maria?
1750 2694 1788 2727 F
1810 2694 1821 2715 ³³

125 2735 328 2780 longinqua
356 2736 404 2769 T:
430 2736 567 2780 lonqua
593 2737 632 2770 F
663 2738 775 2782 longa
801 2738 937 2773 Daniel
959 2740 1101 2782 primus
1120 2741 1132 2783 ΙΙ
1160 2743 1198 2773 11
1227 2740 1448 2783 hymenaeos
1475 2739 1514 2772 F
1530 2741 1541 2784 Η
1572 2745 1612 2773 13
1639 2742 1820 2781 potiretur

128 2782 169 2825 T,
201 2782 419 2827 impetraret
449 2795 623 2829 superser.
650 2786 726 2820 ead.
753 2796 848 2819 man.
886 2787 898 2829 H
938 2789 979 2819 14
1006 2787 1174 2820 omnibus
1202 2815 1208 2821 .
1238 2814 1244 2821 .
1273 2814 1279 2820 .
1307 2787 1381 2820 alia
1407 2786 1502 2820 ratio
1528 2798 1591 2821 om.
1622 2787 1674 2830 F,
1707 2789 1820 2822 edidit

125 2829 270 2864 Daniel.
311 2830 479 2865 omnibus
506 2835 589 2865 ante
616 2831 901 2867 Atheniensibus
926 2834 991 2867 del.
1015 2834 1219 2868 Masculus
1244 2835 1256 2877 11
1283 2839 1324 2867 16
1351 2834 1533 2877 quaedam
1562 2861 1567 2866 .
1598 2862 1603 2867 .
1632 2861 1638 2867 .
1667 2835 1817 2881 dicitur]

125 2877 231 2920 quasi
257 2877 438 2921 quaedam
464 2879 679 2913 membrana
705 2879 879 2923 uirginali
911 2881 1055 2924 puellae
1089 2893 1166 2915 esse
1199 2881 1332 2915 dicitur
1361 2881 1392 2913 'l'
1427 2882 1438 2924 Η
1477 2885 1517 2915 17
1551 2881 1700 2925 nuptiae
1735 2884 1819 2916 sunt

125 2924 246 2958 dictae
276 2925 308 2958 T
324 2925 336 2968 ΙΙ
356 2929 395 2958 21
425 2938 536 2959 Ain-:Ns
566 2925 603 2959 F
619 2928 630 2969 ΙΙ
649 2926 730 2970 plus
756 2927 848 2960 dixit
870 2955 898 2962 ..
917 2955 922 2960 .
944 2927 1099 2962 dicimus
1127 2930 1165 2962 in
1185 2940 1296 2970 namq.
1324 2928 1353 2961 'J'
1370 2929 1381 2971 ΙΙ
1403 2928 1664 2971 impetraverat
1695 2930 1788 2963 Mon
1808 2938 1809 2957 ἒ

124 2975 167 3004 22
189 2983 324 3016 magna
339 2972 379 3006 F
394 2973 406 3016 ΙΙ
425 2976 467 3007 23
490 2974 538 3007 ad
556 2973 743 3017 traxitque
763 2985 862 3017 supr.
878 2986 963 3009 vers.
985 2974 1120 3010 inbibit
1139 2975 1353 3009 medullitus
1375 2978 1403 3007 s
1421 2976 1432 3018 ΙΙ
1452 2980 1494 3008 25
1517 2977 1564 3009 ad
1584 2987 1816 3011 communem

129 3018 163 3053 h.
186 3029 215 3052 e.
236 3030 269 3062 p.
298 3020 337 3053 in
357 3031 468 3063 mary.
495 3021 618 3064 potest
643 3019 761 3054 nich-ri
786 3021 936 3056 dubium
956 3024 1079 3056 utrum
1100 3022 1413 3065 carthaginienses
1441 3023 1541 3056 dicat
1566 3034 1611 3056 an
1639 3023 1684 3057 ad
1711 3023 1815 3058 tirios

125 3066 163 3098 et
187 3065 350 3100 troianos
377 3066 606 3101 referendum
633 3067 690 3101 sit.
742 3068 805 3102 sed
834 3069 965 3103 melius
993 3071 1048 3104 est
1074 3071 1119 3104 ad
1146 3071 1340 3112 utrumque
1368 3070 1541 3113 populum
1570 3070 1749 3114 respicere
1774 3073 1815 3105 ut

124 3111 187 3146 ille
213 3113 289 3156 (ley.
310 3113 418 3157 illud)
444 3114 541 3157 quod
569 3117 653 3148 ante
679 3114 800 3150 fuerat
819 3115 977 3160 speciale
998 3117 1130 3151 iunone
1151 3116 1402 3151 consentiente
1429 3118 1534 3151 fieret
1559 3128 1751 3153 commune
1774 3119 1812 3153 T.

123 3160 168 3201 ef.
200 3159 337 3194 Tiberii
362 3161 503 3195 Donati
527 3162 698 3196 seholium
725 3163 772 3196 ad
796 3163 829 3196 h.
855 3174 885 3198 v.
906 3164 1259 3207 ”carthaginensem
1288 3163 1326 3197 F
