2204 3437
844 177 1128 213 PRAEFATIO.
1646 181 1830 218 LXXXIII

142 285 375 338 scripturas
408 285 642 339 invenItur‚
679 299 803 339 quem
841 285 999 325 librum
1038 300 1059 326 e
1098 285 1239 327 Gallia
1276 287 1320 327 in
1358 287 1533 329 Italiam
1572 290 1829 333 translatum

142 355 273 396 videri
306 370 434 408 supra
467 356 564 396 dixi.
615 356 797 397 fortasse
831 355 1041 396 doctiores
1081 370 1132 397 ex
1164 356 1231 397 his
1265 371 1371 410 quae
1404 357 1568 399 scholio
1602 360 1654 400 ad
1686 374 1829 415 georg.

139 424 159 464 I
191 425 245 466 88
278 423 294 473 (
299 425 371 466 fol.
409 423 481 467 18¹³
515 423 636 480 extr.)
669 425 815 467 addita
848 427 946 466 sunt
984 429 1021 466 eb
1051 429 1107 467 tot
1129 427 1252 468 intalz'
1282 428 1405 469 meisa
1442 430 1626 470 medardi
1664 445 1745 484 quo
1785 433 1828 473 in

140 495 399 536 monasterio
433 498 507 536 aut
537 496 629 550 ipse
661 496 770 537 liber
802 498 876 537 aut
914 496 1002 537 eius
1037 497 1293 552 archetypus
1334 499 1519 553 scriptus
1561 500 1618 541 sit
1657 501 1830 543 investi-

138 566 313 620 gabunt.
370 581 452 620 qua
483 567 527 607 in
558 581 602 608 re
634 567 740 608 illud
772 566 1001 608 dolendum
1035 569 1100 607 est
1133 568 1245 622 quod
1266 584 1316 610 ex
1336 570 1614 623 inscriptione
1636 572 1829 626 quadam,

139 651 245 690 quae
279 651 374 678 cum
406 637 487 678 duo
521 637 624 678 folia
655 638 754 679 libri
785 638 930 679 tuendi
962 652 1089 679 causa
1121 640 1309 692 praefixa
1350 641 1436 682 sint
1473 641 1517 681 in
1551 641 1725 683 alterius
1758 659 1829 698 pa-

138 707 239 761 gina
270 721 394 748 versa
427 707 478 748 ab
511 707 683 748 homine
717 708 877 749 saeculi
910 708 1061 749 decimi
1095 709 1233 762 quinti
1258 711 1402 763 posita
1435 714 1517 765 est,
1550 713 1728 754 verbum
1762 729 1826 755 ex-

137 781 322 819 tremum
363 778 464 832 quid
503 778 585 819 sibi
616 778 722 820 velit
762 793 849 820 non
888 781 1033 832 potest
1075 780 1334 833 cognosci¹):
1376 782 1539 836 reliqua
1583 798 1689 837 quae
1731 787 1829 825 sunt

136 849 235 890 liber
265 849 396 890 ouidii
426 848 709 890 bucollz‘eorum
740 852 776 890 et
805 852 863 890 est
892 849 1063 901 capituli
1093 849 1217 890 facile
1248 850 1461 905 leguntur.

254 918 481 961 ServIanus
515 919 848 960 commentarius
876 934 925 960 ex
952 920 1064 961 bono
1087 921 1320 974 exemplari
1353 937 1377 962 a
1408 922 1603 976 pluribus
1638 924 1824 966 librariis

136 990 242 1030 satis
286 990 516 1043 diligenter
555 990 600 1030 in
640 990 857 1044 margines
899 990 1025 1031 huius
1069 991 1224 1032 codicis
1264 993 1548 1046 transcriptus
1592 997 1666 1035 est.
1717 995 1828 1036 inter

136 1075 284 1101 versus
315 1059 498 1114 Vergilii
530 1060 726 1101 breviora
759 1060 920 1101 scholia
952 1061 1245 1116 inveniuntur,
1279 1077 1386 1116 quae
1419 1064 1666 1118 plerumque
1693 1080 1714 1105 e
1736 1064 1828 1106 Ser-

135 1131 270 1171 vianis
315 1133 515 1184 excerpta
559 1132 676 1183 sunt,
715 1131 939 1184 perpaucis
984 1131 1090 1173 locis
1130 1147 1225 1173 cum
1263 1133 1500 1175 Danielinis
1541 1137 1825 1190 consentiunt,

134 1201 267 1242 veluti
297 1200 402 1243 Aen.
435 1201 454 1241 I
485 1202 542 1243 20
573 1202 688 1253 olim]
722 1202 961 1254 aliqnando,
992 1201 1035 1242 II
1068 1203 1123 1243 65
1155 1204 1302 1257 accipe]
1341 1205 1364 1246 ι’.
1396 1219 1427 1245 e.
1458 1206 1558 1247 audi
1590 1220 1611 1247 ο
1643 1208 1748 1257 dido,
1780 1207 1821 1247 II

138 1272 218 1313 196
259 1273 423 1324 coactis]
466 1273 540 1313 uix
581 1273 794 1327 expressis,
835 1272 943 1313 VIII
975 1273 1059 1315 252
1102 1276 1384 1317 consuetudine
1424 1289 1500 1317 seca
1544 1291 1642 1319 usus
1683 1282 1739 1319 est
1778 1282 1823 1319 ¹m?

136 1343 298 1395 quando
330 1346 470 1384 contra
500 1346 696 1384 naturam
728 1343 888 1395 aliquid
922 1344 1049 1395 infert
1070 1346 1285 1397 praedicat
1316 1347 1421 1387 mede
1452 1347 1648 1389 credatur.

250 1413 415 1454 Eodem
456 1428 537 1467 quo
571 1413 912 1468 Hamburgensis
955 1415 1124 1456 saeculo
1168 1416 1350 1470 scriptus
1397 1420 1461 1458 est
1502 1417 1825 1460 Monacensis

134 1484 260 1526 6394.
309 1484 346 1525 is
379 1483 483 1525 olim
513 1483 596 1525 fuit
626 1482 914 1538 Frisingensis
950 1485 1043 1526 194.
1094 1485 1226 1527 habet
1263 1488 1343 1528 193
1376 1488 1481 1529 folia
1513 1488 1674 1530 formae
1711 1489 1826 1530 bina-

132 1555 238 1608 riae,
272 1554 345 1596 sed
376 1555 554 1596 minoris
587 1569 824 1596 mensurae.
880 1556 925 1596 in
959 1556 1139 1611 singulis
1167 1558 1337 1612 paginis
1365 1559 1614 1613 plerumque
1649 1560 1826 1614 quadra-

134 1626 233 1680 geni
264 1625 461 1679 quaterni
499 1639 646 1667 versus
687 1629 797 1668 sunt.
854 1628 1186 1668 commentarius
1223 1628 1268 1669 in
1307 1629 1503 1670 bucolica
1539 1644 1624 1670 non
1663 1633 1727 1671 est
1764 1631 1825 1671 in-

131 1698 268 1750 teger:
310 1695 477 1737 interiit
519 1696 632 1737 enim
673 1697 813 1738 maior
854 1711 953 1751 pars
986 1697 1268 1751 praefationis
1313 1698 1384 1753 (ad
1425 1700 1554 1741 verba
1586 1715 1693 1754 quae
1726 1705 1825 1743 sunt

131 1767 320 1808 carmina
353 1770 511 1808 tautum
542 1771 683 1809 nostra
719 1768 854 1809 valent
884 1782 917 1809 e.
951 1782 987 1822 q.
1021 1767 1070 1824 s.)
1110 1771 1152 1809 et
1190 1769 1351 1811 scholia
1389 1770 1440 1811 ad
1479 1770 1553 1812 ecl.
1584 1770 1649 1811 III
1683 1772 1736 1813 75
1770 1797 1822 1801 —

131 1836 192 1877 IX
224 1837 292 1878 67.
348 1837 509 1879 accedit
542 1839 654 1893 quod
685 1838 792 1880 folIa
829 1839 874 1880 in
913 1839 1065 1893 quibus
1100 1841 1395 1882 commentarii
1434 1841 1637 1895 reliquiae
1677 1846 1825 1884 extant

132 1908 310 1950 disiecta
342 1910 451 1949 sunt.
507 1909 551 1950 in
584 1910 788 1964 georgica
814 1911 1147 1952 commentarius
1174 1912 1298 1965 plene
1325 1914 1520 1953 servatus
1554 1914 1637 1966 est,
1671 1913 1743 1954 sed
1773 1928 1821 1954 ea

128 1978 235 2020 folia
276 1993 382 2033 quae
422 1979 735 2033 praefationem
778 1983 819 2022 et
862 1981 1027 2022 scholia
1068 1982 1120 2023 ad
1160 1981 1181 2022 I
1223 1983 1363 2024 1—47
1407 1983 1568 2024 habent
1608 1998 1684 2025 suo
1727 1985 1818 2026 loco

130 2051 248 2091 mota
281 2052 324 2091 et
355 2053 454 2104 post
492 2050 564 2092 fol.
597 2051 634 2092 3.
685 2066 909 2105 perperam
947 2053 1109 2094 inserta
1147 2055 1258 2094 sunt.
1313 2054 1565 2108 inscriptum
1605 2056 1669 2096 est
1707 2070 1819 2097 com-

128 2120 338 2162 mentario
371 2132 545 2162 INCIPIT
578 2133 718 2162 LIBER
744 2135 759 2163 I
791 2133 1078 2176 GEORGICON,
1111 2123 1402 2178 subscriptum
1424 2122 1513 2178 (fol.
1535 2122 1628 2179 40³)
1663 2137 1821 2167 EXPLI-

130 2201 203 2231 CIT
234 2202 371 2232 LIBER
401 2203 483 2233 1111.
532 2191 735 2234 Aeneidis
769 2194 1100 2235 commentarius
1133 2195 1286 2249 incipIt
1316 2195 1388 2236 fol.
1421 2193 1498 2236 40b
1536 2195 1725 2250 (INCIPIT
1759 2209 1821 2238 LI-

127 2273 215 2302 BER
235 2273 272 2302 ·I·
304 2260 572 2317 AENEIDOS)‚
594 2263 682 2304 exit
702 2263 774 2305 fol.
797 2261 899 2304 193¹)
935 2263 1047 2305 Vtere
1071 2268 1174 2306 sorte
1200 2267 1288 2317 ΐῑια]
1317 2267 1495 2318 interfice
1520 2266 1666 2308 hostem
1695 2270 1820 2309 tmmz.

126 2331 269 2385 plures
301 2332 501 2374 librarios
532 2333 577 2374 in
609 2333 752 2375 codice
786 2334 1006 2375 scribendo
1030 2334 1177 2376 eodem
1204 2338 1397 2390 tempore
1426 2340 1656 2391 occupatos
1688 2338 1820 2380 fuisse

128 2416 224 2443 cum
255 2403 488 2456 scripturae
526 2403 872 2445 dissimilitudine
911 2408 1003 2446 tum
1042 2420 1089 2447 ea
1129 2420 1173 2446 re
1208 2407 1448 2448 ostenditur
1486 2408 1598 2461 quod
1637 2409 1819 2463 paginae

127 2473 352 2527 quaedam,
386 2474 465 2515 etsi
496 2474 604 2516 nihil
639 2490 659 2516 e
698 2473 903 2517 Serviano
943 2477 1251 2518 commentario
1293 2478 1499 2518 omissum
1538 2482 1621 2531 est,
1661 2480 1819 2532 partim

127 2557 283 2584 vacuae
314 2545 488 2586 relictae
521 2548 563 2587 et
601 2546 771 2587 litterae
809 2548 857 2586 ut
895 2561 962 2587 res
1002 2547 1253 2601 postulabat
1293 2548 1418 2589 modo
1458 2549 1654 2591 diductae
1693 2550 1818 2591 modo

126 2616 370 2657 contractae
411 2618 521 2657 sunt.
585 2616 713 2657 homo
763 2616 1001 2658 duodecimi
1044 2620 1116 2659 aut
1161 2618 1313 2660 decimi
1355 2619 1474 2660 tertii
1529 2619 1685 2661 saeculi
1735 2635 1818 2661 non

125 2685 254 2727 nullis
287 2686 392 2728 locis
425 2690 679 2742 argumenta
717 2687 980 2729 scholiorum
1012 2688 1056 2729 in
1094 2690 1286 2744 margine
1319 2690 1464 2744 paucis
1498 2690 1818 2744 comprehendIt

126 2758 168 2797 et
200 2756 499 2799 adnotationes
532 2758 737 2812 quasdam
782 2758 952 2808 adiecst,
1000 2773 1105 2813 quas
1139 2760 1175 2801 si
1208 2760 1351 2814 aliqua
1383 2760 1432 2801 de
1466 2775 1594 2801 causa
1627 2761 1730 2801 utile
1758 2761 1816 2801 vi—

125 2826 305 2868 debatur
318 2828 363 2869 in
376 2829 524 2870 critico
546 2829 853 2870 commentario
875 2831 1218 2873 commemoravi.
1252 2831 1497 2885 corrigendo
1520 2831 1652 2871 codici
1673 2831 1815 2883 plures

125 2911 299 2950 operam
331 2898 547 2953 dederunt,
580 2913 759 2953 quorum
793 2900 1026 2953 scripturas
1058 2915 1099 2941 m
1132 2901 1253 2955 signo
1287 2902 1430 2943 addIto
1464 2901 1653 2941 discrevi.

245 3062 279 3104 1)
306 3059 469 3095 dubitari
494 3063 618 3106 potest
644 3063 765 3096 utrum
790 3051 881 3108 σῆς.
909 3073 955 3098 an
981 3053 1072 3108 σῇς,
1100 3076 1147 3098 an
1181 3063 1281 3098 aliud
1309 3063 1396 3107 quid
1422 3064 1617 3108 legendum
1639 3063 1701 3098 sit:
1729 3075 1812 3098 nam

127 3113 273 3157 praeter
298 3115 502 3149 extremam
528 3115 629 3149 nulla
654 3115 779 3150 fittera
805 3116 904 3150 certa
930 3116 995 3150 est.
