2204 3437
525 214 672 249 COMM.
701 214 751 248 IN
777 213 918 248 VERG.
947 213 1056 246 AEN.
1084 213 1110 245 Ι.
1138 215 1334 245 252-257.
1718 210 1773 249 95

79 338 176 377 qens
206 323 381 364 Iunonis
412 322 521 363 dolos
552 322 705 373 oblique
736 320 920 361 accusari
951 334 978 359 (ι
1016 319 1180 371 Venere,
1212 320 1257 357 snt
1287 320 1343 357 est
1374 315 1496 368 ‘qitae
1528 319 1579 369 te,
1606 317 1774 369 yenitor,

82 395 279 434 sententia
308 392 443 433 vertit'
476 396 511 432 et
543 391 686 432 ‘icilius
716 391 761 432 ob
793 391 901 430 iram
926 387 1174 441 prodimur',
1212 388 1317 428 sient
1346 387 1446 427 alibi
1477 389 1619 438 atque
1649 386 1775 426 dolis·

81 465 200 505 risit
230 462 461 516 Cytherea
492 462 711 514 repertis.

200 534 296 575 255.
362 550 487 574 ιἰἰγι-
514 549 585 578 oro
614 548 766 573 σΑΕιιιυ
800 530 971 571 ostendit
1005 530 1110 570 sient
1145 530 1296 570 diction
1334 532 1407 578 est,
1451 542 1522 569 eur
1563 527 1775 568 subriserit

80 605 278 657 Iuppiter.
399 614 605 644 SERENAT
645 602 726 642 1100
762 601 938 641 verbum
977 600 1026 640 de
1070 599 1137 640 his
1176 602 1258 652 est⁷
1303 613 1409 653 quae
1455 600 1599 639 carent
1637 597 1775 650 prima

80 674 316 728 positione:
358 674 470 728 quod
507 674 557 714 fit
593 674 637 714 in
673 673 740 712 his
779 686 886 726 quae
925 671 970 711 111
1007 673 1157 711 nostra
1193 685 1278 710 11011
1317 671 1416 709 sunt
1453 670 1684 722 potestate,
1727 670 1774 708 ut

80 748 199 798 tono,
242 745 438 797 fulmino,
481 744 593 798 pluo.
654 743 759 784 haec
798 742 910 782 enim
948 755 1034 781 non
1071 754 1298 793 possumus
1339 740 1492 791 dicere,
1536 738 1619 779 nisi
1662 737 1774 779 forte

82 830 263 869 persona
294 815 520 856 inducatur
553 815 641 855 eius
675 813 746 868 qui
778 814 937 866 potest,
969 814 1017 852 ut
1048 811 1084 851 si
1115 811 1202 851 tale
1235 809 1398 863 aliquid
1424 809 1617 862 Iuppiter
1649 808 1773 849 dieat.

198 886 294 927 256.
353 896 527 926 OSCVLA
571 896 756 925 LIBAVIT
806 883 957 923 leviter
1000 881 1159 935 tetigit.
1234 882 1276 920 et
1320 879 1537 920 sciendum
1582 879 1774 919 osculum

79 956 301 1010 religionis
336 970 444 1008 esse,
477 955 640 996 savium
672 953 925 1006 voluptatis,
956 952 1141 1004 quamvis
1166 951 1333 1002 qnidam
1352 949 1532 990 osculum
1551 949 1651 1001 filiis
1669 949 1774 1002 dari,

77 1028 198 1068 uxori
235 1027 410 1079 basium,
453 1028 579 1067 scorto
616 1025 772 1066 savium
809 1023 957 1064 dicant.
1018 1034 1115 1063 sane
1152 1021 1271 1061 inulti
1308 1020 1455 1062 nolunt
1494 1021 1550 1060 ita
1587 1019 1774 1072 intelleyi,

77 1101 123 1138 ut
157 1111 362 1151 summum
399 1096 578 1137 osenlinn
614 1095 726 1147 filiae
761 1094 929 1146 dederit,
973 1093 1017 1133 id
1053 1096 1109 1133 est
1145 1105 1228 1132 non
1259 1105 1467 1144 pressum,
1511 1091 1580 1131 secl
1614 1103 1775 1131 &zmirna

79 1168 224 1209 labella
260 1168 506 1220 eontinyens,
549 1167 618 1207 sed
653 1166 712 1206 ita
751 1165 896 1205 aiimt:
942 1167 1026 1204 tmn
1064 1162 1224 1203 hilarus
1261 1162 1447 1214 Iuppiter
1484 1161 1619 1202 vultus
1655 1164 1776 1201 'natae

79 1239 235 1292 libavit,
266 1239 311 1279 id
335 1241 391 1279 est
415 1237 596 1289 eontiyit,
627 1236 775 1277 scilieet
798 1238 845 1276 ut
868 1248 941 1276 nos
972 1234 1143 1275 solemus
1173 1246 1263 1273 enni
1296 1232 1582 1273 blandimentis
1612 1231 1775 1283 quibus-

77 1310 173 1350 clam
202 1309 415 1350 sinistram
446 1307 663 1349 maxillam
693 1306 918 1358 eontinyere
950 1304 1164 1346 liberor-mn
1193 1316 1240 1344 ae
1265 1303 1405 1343 deinde
1430 1303 1486 1343 ad
1514 1316 1556 1343 os
1588 1305 1773 1343 nostrum

77 1380 260 1421 dextram
296 1380 456 1431 referre.
517 1392 605 1431 erqo
639 1375 820 1419 ‘libavit’
854 1376 1012 1425 merito,
1051 1375 1147 1427 quia
1180 1376 1341 1426 partein
1372 1373 1522 1425 vultus,
1561 1386 1642 1413 non
1677 1376 1775 1413 totos

77 1451 312 1503 eontiyerat,
349 1453 396 1490 ut
432 1447 608 1490 ‘osenla'
648 1448 798 1489 dixerit
826 1447 945 1500 quasi·
975 1447 1137 1486 ‘niinorci
1169 1448 1205 1485 et
1236 1444 1434 1484 teneriora
1464 1444 1576 1495 filiae
1607 1457 1699 1493 ora,
1730 1446 1776 1483 itt

77 1534 151 1561 ora
181 1521 421 1562 diminutive
451 1520 608 1568 osenla‚·
639 1533 739 1560 nani
764 1532 837 1559 ora
862 1517 996 1558 vultus
1022 1517 1119 1569 (liei,
1150 1518 1195 1556 itt
1229 1515 1501 1566 intentique
1532 1527 1616 1554 orci
1648 1517 1772 1554 tene-

77 1592 192 1633 bant
221 1596 258 1633 et
286 1593 355 1633 sie
386 1605 472 1632 ora
500 1591 698 1642 ferebat.
748 1590 832 1642 ipse
857 1588 1095 1629 diminutive
1121 1586 1256 1627 oscula
1282 1585 1387 1626 dixit
1411 1585 1585 1625 minores
1610 1587 1648 1624 et
1673 1587 1773 1625 tene-

76 1676 143 1703 ros
172 1663 307 1704 vultus
337 1675 618 1714 &ravennaque
640 1675 730 1714 per
757 1660 952 1713 yaleain
983 1657 1205 1699 delibans
1236 1656 1399 1697 oscula
1426 1655 1578 1707 fatur.

195 1733 293 1774 257.
342 1744 486 1774 PARCE
519 1744 643 1772 METV
676 1730 874 1785 quotiens
908 1730 952 1770 in
985 1728 1123 1769 causis
1157 1726 1393 1780 arguimur,
1436 1728 1534 1766 ante
1566 1739 1643 1766 nos
1675 1740 1774 1778 pur-

77 1816 180 1857 gare
218 1804 418 1845 debemus
459 1806 501 1844 et
539 1803 600 1843 310
641 1802 693 1842 ad
741 1801 953 1842 actionem
997 1798 1267 1840 descendere:
1312 1796 1424 1850 quod
1469 1798 1512 1837 et
1555 1795 1636 1836 hoc
1679 1796 1773 1837 1000

76 1873 271 1928 Iuppiter
301 1874 422 1927 facit3
462 1876 561 1914 ante
594 1864 706 1913 enim
739 1872 907 1912 obiecta
938 1872 1095 1924 purgat
1128 1871 1170 1910 et
1203 1868 1263 1909 310
1294 1866 1411 1908 venit
1445 1866 1496 1906 ad
1527 1866 1774 1919 promissio—

76 1959 185 1985 nem.
249 1948 290 1986 et
328 1949 393 1985 est
426 1943 572 1997 ‘parce
603 1941 741 1984 metu'
781 1941 965 1983 elocutio
1004 1940 1183 1992 usualis,
1224 1938 1268 1979 id
1300 1940 1366 1978 est
1399 1937 1568 1977 dimitte
1600 1939 1774 1990 metum,

77 2015 288 2068 quomodo
321 2014 499 2055 dicimus
531 2028 658 2068 parce
684 2013 844 2065 verbis,
877 2025 1001 2065 parce
1028 2010 1208 2051 1111111113.
1265 2009 1341 2049 alii
1372 2006 1520 2048 ‘metit'
1545 2021 1624 2061 pro
1650 2008 1774 2048 metui

76 2086 298 2139 accipiunt,
329 2086 553 2126 ablativum
577 2098 656 2137 pro
682 2084 837 2131 dativa-
870 2085 943 2122 aut
973 2084 1072 2122 eerte
1100 2081 1183 2121 ideo
1209 2082 1358 2120 metum
1382 2078 1534 2131 aufert,
1564 2081 1610 2119 itt
1634 2079 1772 2118 animo

75 2157 272 2197 securiore
297 2156 428 2208 possit
456 2156 616 2204 audire,
654 2157 699 2194 ut
728 2153 829 2194 alibi
865 2152 1038 2193 solvite
1068 2151 1205 2191 eorde
1242 2153 1430 2202 mettim,
1472 2149 1654 2189 Teucri.

77 2237 320 2267 CYTHEREA
359 2226 500 2267 omnia
538 2239 644 2279 quae
684 2224 795 2278 apud
828 2222 1012 2263 Graecos
1045 2237 1082 2262 ει
1119 2220 1421 2274 diphthongon
1460 2218 1622 2260 habent
1660 2218 1772 2272 apud

76 2296 254 2338 Latinos
280 2297 322 2337 in
345 2311 366 2337 e
385 2296 640 2350 productum
667 2296 990 2346 convertuntur,
1022 2294 1070 2333 ut
1089 2290 1315 2344 Κυθέρεια
1337 2289 1566 2343 Cytherea,
1593 2289 1773 2337 Αἰνείας

78 2367 263 2420 Aeneas,
295 2364 474 2420 Μήδεια
506 2366 667 2407 Medea.
724 2365 868 2406 omnia
900 2366 1043 2404 autem
1076 2377 1183 2417 quae
1217 2362 1321 2402 dicit
1349 2360 1543 2414 Iuppiter
1575 2359 1626 2400 ad
1660 2360 1771 2400 solu-

167 2486 187 2516 2
214 2483 342 2527 atque]
370 2483 410 2516 A.
433 2482 483 2516 IV
506 2485 571 2516 128
597 2483 609 2525 H
635 2485 654 2515 9
683 2481 719 2514 et
745 2480 934 2515 sciendum
960 2490 990 2513 e.
1012 2490 1044 2522 q.
1067 2479 1111 2523 s.]
1139 2477 1183 2512 cf.
1210 2477 1301 2511 Don.
1330 2477 1375 2511 ad
1402 2476 1483 2509 Ter.
1511 2487 1589 2521 eun.
1613 2475 1665 2508 III
1687 2479 1717 2517 1,
1739 2479 1770 2508 3.

78 2529 161 2564 isid.
189 2529 264 2564 diff.
291 2530 389 2564 verb.
411 2533 478 2564 398
498 2530 510 2573 ]]
531 2533 572 2563 18
599 2528 821 2572 intentique]
850 2528 891 2560 A.
914 2526 946 2560 II
969 2530 984 2559 1
1007 2527 1018 2570 ΙΙ
1040 2529 1080 2559 19
1108 2524 1160 2559 310
1185 2524 1264 2569 ora]
1291 2525 1333 2559 A.
1355 2524 1404 2557 ΙΙΙ
1425 2526 1492 2557 490
1512 2523 1524 2566 ΙΙ
1544 2527 1587 2557 20
1615 2532 1770 2556 summa-

79 2576 165 2622 que]
193 2577 234 2611 A.
262 2576 329 2611 XII
355 2578 516 2620 4341127
545 2576 694 2621 solvite]
721 2576 762 2610 A.
790 2575 806 2608 Ι
833 2578 898 2609 562

87 2711 91 2713 -
173 2688 189 2717 1
217 2683 319 2717 dolos
344 2683 492 2726 sei-ipsi:
518 2682 624 2716 dolor
651 2681 680 2715 C
717 2680 883 2715 dolorem
908 2680 1014 2723 vulfso
1034 2680 1045 2721 Η
1070 2683 1091 2711 4
1118 2678 1167 2713 ad
1190 2689 1221 2712 v.
1248 2681 1313 2711 255
1340 2677 1457 2710 Vultu
1483 2676 1642 2720 serenat]
1672 2675 1772 2709 caret

76 2730 197 2774 prima
221 2730 403 2774 positione
424 2757 431 2764 .
449 2757 478 2763 ..
500 2729 620 2763 dicere
647 2727 717 2762 nisi
742 2728 817 2762 tale
839 2727 947 2761 aliter
965 2726 1008 2760 ut
1028 2725 1195 2770 luppiter
1220 2724 1330 2758 dicat.
1352 2724 1387 2757 P
1401 2725 1413 2767 ΙΙ
1433 2728 1451 2758 7
1479 2723 1633 2757 fulmino
1660 2733 1724 2756 om.
1741 2721 1772 2754 P

75 2778 87 2822 j]
111 2777 214 2822 pluo]
242 2777 315 2811 fluo
343 2777 391 2810 M
425 2777 541 2810 uerba
565 2786 660 2820 quae
692 2774 812 2818 prima
842 2773 1025 2818 positione
1058 2772 1185 2807 carent
1211 2772 1293 2805 add.
1322 2771 1365 2804 H
1397 2772 1408 2815 ΙΙ
1446 2775 1466 2805 8
1495 2770 1669 2804 induatur
1694 2768 1728 2801 B
1768 2769 1769 2801 ζ

77 2828 97 2858 9
124 2825 172 2858 ad
195 2835 226 2858 v.
248 2828 315 2858 256
343 2823 476 2858 Oscula
502 2822 635 2857 libauit
658 2821 783 2865 natae]
810 2821 942 2855 leuiter
968 2820 1102 2864 tetigit.
1130 2819 1190 2862 Pl]
1219 2822 1260 2851 10
1287 2818 1508 2862 voluptatis,
1536 2817 1575 2850 ut
1602 2815 1693 2849 alibi
1718 2814 1771 2848 ait

77 2870 159 2912 (XII
184 2872 266 2915 434)
299 2881 513 2914 summaque
546 2881 610 2914 per
642 2869 788 2913 galeam
821 2868 988 2902 delibans
1021 2866 1146 2901 oscula
1178 2866 1215 2899 et
1247 2864 1439 2899 Terentius
1472 2866 1566 2906 (eun.
1594 2863 1643 2895 ΙΙΙ
1669 2866 1707 2902 2,
1735 2864 1770 2902 2)

77 2928 98 2952 o
118 2918 247 2960 Thais,
272 2929 392 2952 meum
414 2917 556 2951 sanium
577 2917 615 2950 D
633 2918 646 2960 Ιι
668 2920 705 2949 11
724 2915 892 2949 suauium
907 2914 936 2949 (J
953 2916 964 2958 ΙΙ
985 2918 1026 2948 17
1047 2915 1089 2947 ut
1107 2913 1186 2957 ora]
1208 2913 1332 2946 malim
1352 2912 1390 2946 et
1409 2922 1473 2945 ora
1491 2912 1502 2953 ΙΙ
1522 2913 1563 2942 21
1587 2909 1635 2942 acl
1655 2920 1686 2942 v.
1701 2911 1768 2941 257

77 2964 190 2998 Parce
217 2965 333 3008 metu]
363 2965 521 2998 elocutio
547 2963 686 2998 usualis
713 2991 719 2997 .
748 2989 754 2995 .
784 2990 790 2996 .
817 2961 971 2997 iniuriis,
1022 2959 1217 3004 Cytherea]
1254 2959 1377 2993 omnia
1405 2986 1410 2991 .
1433 2985 1439 2990 .
1462 2985 1468 2991 .
1496 2957 1649 2990 Aeneas.
1692 2954 1769 2988 Ma-

76 3013 166 3045 nent
190 3011 359 3056 immota]
386 3012 472 3055 quia
498 3040 505 3046 .
535 3038 541 3044 .
571 3039 576 3044 .
603 3009 726 3044 uertit.
766 3009 943 3053 Tuorum]
971 3008 1224 3042 Troianorum.
1254 3006 1289 3038 1>
1306 3007 1317 3048 ΙΙ
1343 3008 1387 3038 24
1413 3004 1550 3037 demite
1578 3003 1677 3035 metu
1704 3001 1739 3034 P
1760 3003 1769 3045 ¹J

78 3061 122 3091 29
147 3058 365 3102 productam
390 3059 423 3091 L
450 3061 461 3102 Η
491 3068 657 3091 urrerem,
682 3056 716 3088 B
754 3067 931 3099 m'eopeia
956 3055 996 3088 K
1032 3064 1204 3087 m-ee12e1a
1230 3053 1268 3085 II
1307 3061 1498 3084 ninevem
1526 3050 1572 3083 M
1595 3050 1607 3093 ΙΙ
1632 3048 1769 3082 aineiae

78 3103 120 3136 K
152 3117 297 3139 AENl-:IAS
322 3105 356 3139 L
398 3104 539 3139 aineiae
575 3105 612 3138 H
656 3114 803 3138 aeneiae
831 3104 919 3146 M]
957 3106 1000 3135 30
1034 3111 1161 3134 meseia
1192 3099 1321 3132 ΒΑΜ
1367 3096 1509 3131 meaeia
1534 3095 1576 3130 H
1617 3092 1769 3139 Μήδεια

80 3150 208 3184 Medea
233 3162 297 3185 om.
326 3152 366 3185 J<
392 3153 404 3195 l]
436 3151 696 3186 salutationem
725 3149 760 3182 B

1801 606 1820 635 0⁹!

1803 957 1844 986 10

1802 1309 1842 1338 15

1799 1662 1843 1692 20

1798 2366 1842 2396 30
