2204 3437
578 173 726 208 coMM.
754 174 804 208 IN
830 173 971 208 Vnae.
998 173 1107 207 AEN.
1135 174 1178 207 11.
1208 178 1402 208 voc-721.
1748 174 1832 214 323

142 292 319 323 SERTAE
354 292 549 322 CERERIS
582 281 690 322 bene
724 280 890 322 Cereris
923 281 1067 322 fanum
1101 284 1199 321 ante
1232 281 1381 321 urbem
1413 279 1523 335 (esse
1555 281 1694 334 facit),
1728 296 1835 335 quae

144 351 222 392 dea
253 351 511 392 rusticorum
543 354 618 392 est.
681 354 723 391 et
763 352 919 392 librate
953 351 1118 391 Aeneas
1159 353 1202 391 et
1234 350 1401 391 Cereris
1439 351 1648 405 templum
1687 354 1729 392 et
1767 366 1834 392 ve-

139 423 303 462 tustum
337 421 486 476 elegit,
519 421 571 462 ad
604 422 716 476 quod
747 436 825 462 nec
859 422 957 462 viris
986 423 1077 462 erat
1104 421 1262 475 aditus,
1295 421 1405 462 sicut
1432 421 1578 462 hostes
1605 422 1835 475 putabant:

139 507 239 532 nam
272 491 440 532 Aeneas
483 492 580 545 scit,
622 494 720 532 ante
763 506 854 534 esse
894 491 1184 545 profanatum:
1228 506 1305 532 nec
1346 492 1528 545 praedae
1570 507 1643 546 spe
1683 492 1837 533 Graeci

139 564 342 615 poterant
374 562 481 603 duci.

260 633 355 674 714.
402 644 645 674 DESERTAE
675 643 866 673 CERERIS
894 634 1037 673 utrum
1065 647 1089 672 a
1116 632 1349 686 sacerdote,
1378 634 1450 687 qui
1477 634 1521 674 in
1547 636 1666 675 sexto
1695 634 1836 687 <4s4>

141 703 352 744 extinctus
386 703 619 756 inducitur,
652 706 700 743 ut
733 702 1009 756 Cererique
1048 717 1245 743 sacrum
1276 702 1613 757 Polyboeten:
1659 720 1713 745 an
1750 704 1837 745 tde-

141 772 299 814 sertae'
334 773 438 814 belli
464 776 656 826 tempore
684 776 859 827 propter
885 773 1158 814 decennalem
1185 773 1482 814 obsidionem?
1522 790 1576 815 an
1603 775 1836 816 ‘desertae’

141 859 165 884 a
198 844 308 897 filia,
341 846 388 884 ut
420 858 506 884 nec
539 844 765 897 repetita
798 844 941 897 sequi
974 846 1117 884 curet
1149 843 1457 897 Proserpina
1498 848 1719 886 matrem.

140 914 162 937 ψ
180 931 349 961 ,1111111131
381 931 594 956 chREss-rs
628 915 684 955 ad
718 918 949 956 vetustatem
987 915 1151 956 rettulit.
1221 929 1468 968 cupressum
1513 918 1673 969 autem,
1720 916 1835 957 fune—

141 986 260 1026 brem
294 985 511 1038 arborem,
541 985 648 1025 bene
681 988 779 1025 ante
811 985 1020 1038 templum
1054 984 1155 1025 deae
1188 984 1376 1038 lugentis
1410 1000 1501 1026 esse
1535 986 1769 1027 confirmat.
1784 985 1808 1010 '⁴²

259 1055 355 1096 715.
405 1066 659 1097 RELIGIONE
699 1067 889 1096 PATRVM
930 1055 1103 1096 timore:
1143 1057 1186 1095 et
1225 1058 1290 1095 est
1329 1055 1605 1109 reciprocum.
1667 1058 1727 1098 sic
1765 1057 1840 1098 Te-

140 1126 305 1167 rentius
338 1141 451 1167 nam
485 1125 609 1179 mihi
640 1124 771 1166 nihil
807 1139 934 1179 esse,
966 1125 1156 1179 religio
1191 1128 1268 1166 est
1300 1125 1484 1177 dicere,
1517 1127 1559 1167 id
1593 1130 1657 1167 est
1683 1131 1838 1183 metus3

141 1197 245 1237 item
278 1196 496 1251 Vergilius
536 1198 685 1237 contra
727 1194 839 1249 <VII
872 1195 956 1248 60>
998 1196 1288 1250 multosque
1330 1199 1464 1237 metu
1506 1201 1714 1240 servata
1753 1214 1841 1252 per

142 1282 319 1309 annos:
358 1282 518 1309 conexa
556 1267 668 1308 enim
701 1268 801 1307 sunt
832 1266 962 1307 timor
995 1269 1037 1307 et
1068 1267 1240 1321 religio,
1272 1270 1321 1308 ut
1354 1265 1516 1309 Statius
1555 1269 1749 1322 primus
1789 1270 1839 1310 in

146 1339 266 1379 orbe
300 1338 419 1379 deos
452 1338 578 1379 fecit
608 1337 774 1378 timor.

262 1410 359 1450 716.
409 1427 462 1450 EX
488 1425 653 1450 fflrERso
683 1411 729 1449 itt
758 1421 839 1449 non
870 1409 924 1449 sii
953 1409 1126 1461 suspicio
1159 1408 1338 1450 Graecis.

264 1480 360 1520 717.
412 1491 525 1521 CAPE
555 1490 698 1520 SACRA
724 1491 852 1520 MANV
879 1494 964 1520 non
992 1483 1056 1520 est
1081 1480 1236 1534 dantis,
1263 1480 1334 1522 sed
1360 1480 1597 1535 hortantis,
1624 1484 1671 1522 ut
1698 1482 1839 1535 tollat,

143 1550 244 1604 quia
277 1551 470 1604 sequitur
503 1550 592 1591 ‘me
626 1550 739 1591 bello
781 1565 801 1591 e
840 1553 961 1592 tanto
1000 1551 1239 1605 digressum
1280 1554 1321 1592 et
1360 1552 1485 1592 caede
1517 1553 1678 1593 recenti
1711 1556 1838 1594 attre-

142 1624 258 1662 ctare
296 1619 456 1662 nefas’:
502 1621 582 1661 scit
621 1621 751 1675 enim,
795 1620 980 1662 Graecos
1026 1636 1075 1661 ex
1115 1622 1353 1675 pollutione
1393 1622 1580 1664 Palladii
1624 1624 1839 1677 piaculum

148 1691 422 1733 commisisse.

262 1763 357 1804 719.
408 1780 584 1805 FLmJJNE
610 1780 696 1804 11ιό
719 1763 911 1816 peremii,
943 1763 1041 1814 qnia
1073 1763 1218 1815 iuyiter
1249 1778 1359 1816 aqua
1383 1764 1514 1816 fluens
1544 1766 1636 1805 vua.
1664 1769 1839 1807 vocatur.

261 1845 468 1874 FLVMINE
495 1846 606 1876 VIVO
635 1848 801 1888 semper
828 1833 993 1887 fluenti,
1020 1833 1062 1873 id
1089 1837 1155 1874 est
1180 1834 1384 1888 naturali,
1416 1837 1464 1875 ut
1491 1835 1539 1888 <1
1564 1836 1674 1888 167>
1704 1837 1839 1877 vivo—

143 1919 234 1959 que
267 1904 453 1945 sedilia
485 1919 616 1946 saxo.
679 1910 742 1945 est
775 1906 917 1945 autem
950 1904 1156 1957 augurale
1189 1905 1376 1946 verbum.

263 1975 359 2015 720.
411 1992 588 2017 ABLI'ERO
610 1989 690 2028 pro
722 1975 898 2016 abluam.

263 2046 358 2087 721.
409 2057 555 2088 LATOS
594 2057 778 2087 VMEROS
824 2048 897 2086 aut
942 2060 1058 2086 more
1102 2046 1279 2087 heroum
1326 2062 1369 2088 se
1408 2048 1571 2089 laudat:
1616 2051 1690 2089 aut
1729 2052 1839 2091 certe

240 2213 258 2243 9
285 2220 354 2244 nec
380 2209 555 2255 repetita]
583 2221 707 2254 georg.
735 2210 750 2242 Ι
777 2210 915 2253 391112
943 2209 1152 2253 Terentius]
1180 2209 1302 2244 heaut.
1330 2210 1408 2244 tim.
1430 2212 1462 2245 Π
1491 2215 1520 2255 1,
1550 2216 1590 2246 1ss
1620 2213 1720 2247 ‘nam
1747 2214 1839 2247 nihil

146 2267 226 2291 esse
252 2257 344 2290 mihi
370 2256 540 2300 religiost
566 2257 714 2291 dicere'.
748 2257 759 2300 ΙΙ
793 2261 834 2290 15
862 2256 1018 2300 Statius]
1052 2256 1165 2290 Theb.
1194 2257 1242 2290 ΙΙΙ
1271 2262 1337 2291 (261
1371 2259 1382 2302 ΙΙ
1414 2263 1457 2292 25
1489 2259 1650 2294 Ablnero
1683 2272 1748 2305 pro
1775 2262 1838 2295 ab-

146 2303 265 2349 luam]
293 2304 336 2337 cf.
366 2304 457 2338 Don.
484 2304 530 2338 ad
557 2304 638 2338 Ter.
664 2303 811 2339 Phorm.
838 2304 871 2337 ll
897 2308 930 2347 3,
958 2307 999 2337 73

243 2462 259 2491 1
287 2459 372 2491 ante
398 2457 524 2491 urbem
553 2468 630 2491 esse
653 2456 743 2491 facit
763 2456 967 2500 Stephanus
992 2460 1023 2491 et
1044 2457 1180 2491 Daniel
1214 2457 1305 2492 dicit
1330 2470 1409 2493 esse
1436 2460 1521 2493 ante
1541 2460 1667 2494 urbem
1687 2460 1725 2494 D
1760 2472 1839 2495 esse

145 2504 236 2538 facit
255 2505 340 2538 libri
353 2508 499 2548 praeter
520 2503 569 2538 C*
589 2515 654 2538 om.
675 2505 686 2547 ΙΙ
706 2504 792 2547 quia
811 2504 858 2538 F.
874 2504 1070 2538 Schoellius
1089 2506 1101 2549 Η
1121 2509 1139 2538 2
1161 2505 1295 2540 librate
1318 2506 1410 2539 ME
1441 2506 1552 2541 librat
1571 2508 1631 2540 uel
1652 2507 1784 2542 librate
1805 2508 1838 2540 L

147 2552 274 2595 (librat
298 2551 358 2585 uel
384 2555 565 2595 empuriaco
597 2556 692 2585 sunt.
730 2551 849 2595 perite
880 2551 1070 2586 moderate
1102 2562 1277 2596 superscr.
1305 2554 1329 2596 Z)
1362 2553 1472 2587 librat
1504 2554 1543 2587 II
1573 2555 1584 2598 ΙΙ
1616 2558 1635 2587 4
1668 2555 1839 2599 profana-

144 2599 238 2643 tum]
265 2600 416 2643 propter
441 2599 539 2642 quod
565 2599 648 2633 add.
666 2598 707 2633 ‘C'
723 2599 735 2643 ΙΙ
755 2603 774 2633 6
801 2610 823 2633 a
849 2609 914 2632 om.
943 2599 1029 2632 HE
1054 2600 1150 2642 (add.
1178 2601 1208 2644 e)
1228 2601 1239 2643 Η
1261 2605 1278 2634 7
1305 2600 1527 2644 polyboeten
1556 2602 1602 2634 M
1626 2602 1839 2645 poliboeten

144 2646 231 2679 HE
255 2657 289 2689 p.
317 2646 350 2679 L
381 2647 392 2690 ΙΙ
424 2650 443 2680 8
471 2645 561 2680 belli
585 2647 752 2690 tempore
779 2674 785 2680 .
808 2673 815 2680 .
838 2675 844 2681 .
872 2657 919 2679 an
945 2645 1110 2680 desertae
1137 2657 1202 2681 om.
1228 2647 1324 2688 LE,
1350 2649 1390 2681 in
1414 2660 1526 2692 mam.
1554 2650 1721 2692 supplent
1746 2661 1803 2682 *mc
1838 2650 1839 2694 l

145 2696 188 2726 10
221 2704 375 2730 ANTIQVA
409 2705 598 2727 CVPRESSVS
640 2693 687 2726 ad
718 2694 942 2727 vetustatem
973 2693 1119 2728 rettulit
1151 2722 1157 2728 .
1185 2722 1192 2728 .
1221 2722 1227 2728 .
1262 2696 1469 2740 confirmat]
1508 2696 1576 2729 lucc
1615 2697 1839 2739 transposuit

150 2740 367 2781 Illasvicius,
390 2744 471 2783 post
496 2740 606 2774 timor
632 2740 709 2783 (lin.
738 2742 795 2783 16)
819 2741 965 2784 praebet
994 2740 1030 2775 G.
1076 2751 1286 2785 cupressum
1315 2770 1320 2776 .
1344 2771 1350 2777 .
1374 2770 1380 2775 .
1408 2744 1601 2776 confirmat
1620 2747 1703 2786 post
1729 2744 1840 2777 timor

144 2787 273 2821 habent
299 2787 482 2820 LHME
511 2787 522 2830 ΙΙ
556 2791 596 2820 11
625 2786 786 2830 lugentis
813 2788 902 2821 deae
931 2787 977 2820 M
1007 2788 1019 2831 ΙΙ
1052 2798 1129 2822 esse
1163 2789 1371 2833 confirmat]
1405 2789 1549 2823 induxit
1577 2791 1605 2823 (J
1634 2791 1645 2833 ΙΙ
1680 2795 1719 2823 13
1746 2790 1835 2823 nihil

146 2833 236 2867 mihi
262 2834 295 2867 L
324 2835 335 2877 ΙΙ
364 2834 503 2878 relegio
530 2834 563 2866 L
591 2834 603 2877 ΙΙ
634 2838 675 2867 15
702 2833 832 2877 religio
860 2835 897 2867 et
920 2833 1031 2869 timor
1056 2835 1099 2868 H
1123 2837 1134 2878 Η
1166 2836 1304 2880 relegio
1330 2836 1363 2869 L
1391 2838 1402 2879 ΙΙ
1431 2840 1474 2870 ‘20
1503 2837 1604 2870 nefas
1631 2839 1685 2870 est
1714 2837 1804 2870 ME

146 2880 215 2914 scit
241 2880 337 2915 enim
363 2881 462 2915 LH:
488 2880 576 2924 quia
601 2881 671 2914 scit
698 2880 790 2914 ME
816 2881 827 2924 Η
858 2880 1014 2925 palladii
1045 2882 1250 2925 pollutione
1284 2884 1331 2916 M
1360 2885 1371 2927 Η
1403 2883 1582 2926 apalladii
1608 2884 1652 2916 Π
1677 2885 1688 2926 ΙΙ
1721 2889 1762 2918 22
1791 2886 1838 2918 ml

144 2939 174 2961 v.
203 2932 269 2962 719
302 2928 470 2962 Flumine
502 2927 605 2971 uiuo]
642 2927 797 2971 perenni
832 2928 919 2971 quia
953 2928 1090 2973 iugiter
1125 2941 1222 2972 aqua
1255 2930 1370 2963 fluens
1406 2931 1492 2963 uina
1526 2932 1688 2964 uocatur.
1742 2934 1835 2965 Saue

146 2985 235 3018 cape
261 2985 364 3009 sacra
396 2987 442 3009 m.
470 2988 504 3019 p.
532 2987 565 3018 q.
592 2986 626 3018 p.
678 2975 733 3008 Ne
759 2975 793 3009 b.
822 2986 850 3010 e.
878 2975 903 3009 t.
932 2974 966 3009 d.
1000 2978 1037 3009 ct
1072 2977 1172 3012 caed.
1206 2989 1231 3009 1·.
1284 2978 1377 3010 Attr.
1406 2989 1439 3010 n.
1468 2977 1501 3010 d.
1529 2989 1586 3011 nie
1621 2978 1652 3012 11.
1681 2991 1713 3013 u.
1764 2980 1835 3012 Ab·

144 3020 245 3055 luero
272 3033 337 3066 pro
364 3022 523 3056 abluam.
565 3021 660 3055 Viuo
687 3023 811 3055 autem
838 3021 932 3055 sicut
957 3022 1097 3057 dictum
1125 3025 1181 3056 cst
1206 3036 1348 3066 semper
1375 3024 1499 3057 fluenti
1527 3023 1563 3057 id
1591 3027 1647 3058 cst
1677 3026 1837 3059 naturali

144 3070 186 3101 ut
212 3068 253 3102 V.
279 3080 312 3112 q.
341 3081 366 3103 s.
396 3082 421 3104 s.
450 3071 506 3104 est
530 3070 653 3103 autem
681 3069 858 3112 augurale
885 3070 1049 3105 uerbum.
1079 3070 1108 3103 (J
1137 3071 1148 3113 ΙΙ
1176 3076 1218 3103 25
1246 3071 1406 3104 Abluero
1434 3083 1498 3114 pro
1526 3072 1674 3105 abluam
1701 3073 1838 3107 Daniel

145 3115 258 3149 edidit

1483 3177 1555 3211 21*

1866 925 1907 954 10

1869 1278 1910 1307 15

1865 1633 1909 1662 ‘20
