2204 3437
812 178 1097 215 PRAEFATIO.
1682 178 1795 212 LXXI

110 291 218 332 iecto
251 290 497 344 inscriptos,
530 289 693 344 reliqua
725 289 899 330 nomina
932 303 952 328 e
985 288 1191 328 librorum
1225 286 1277 327 ad
1304 286 1627 340 grammaticam
1661 289 1796 327 artem

110 361 395 415 spectantium
447 360 797 415 inscriptionibus
849 359 892 399 in
936 358 1193 399 recentiores
1239 357 1401 398 codices
1447 356 1650 397 arcessita
1695 371 1797 397 esse.

110 434 295 473 ceterum
334 436 382 474 ut
414 431 626 474 Honorati
665 445 904 485 cognomen
942 429 1079 471 Servii
1119 430 1259 470 aetate
1300 427 1629 469 usitatissimum
1667 426 1798 467 fuisse

110 505 278 544 constat
310 503 370 544 ita
402 518 454 544 ne
486 503 625 544 Mauri
659 501 825 556 quidem
858 501 925 541 vel
958 499 1084 541 Marii
1118 513 1377 553 praenomen
1409 497 1641 552 quidquam
1675 497 1799 538 offen-

111 573 241 615 sionis
274 574 431 616 habere
465 590 609 616 eorum
642 573 818 615 nomina
850 571 1002 612 docent
1042 585 1221 625 quorum
1262 570 1396 611 libros
1430 570 1551 610 sexto
1586 568 1799 609 volumine

109 644 275 686 Keilius
317 646 563 700 complexus
602 646 678 685 est.
741 642 847 684 addo
888 643 940 683 ab
979 642 1207 682 Ammiano
1247 640 1494 681 Marcellino
1534 639 1613 680 XX
1645 640 1689 693 4,
1730 639 1813 692 183.

110 716 233 757 XXV
269 717 304 770 1,
336 717 381 769 :23
412 715 555 757 XXXI
590 716 661 769 10,
693 716 745 755 21
781 714 977 755 Maurum
1012 713 1223 767 quendam
1260 713 1432 753 nomine
1467 710 1803 752 commemorari.

232 787 282 828 In
314 790 455 828 aetate
490 787 627 828 Servii
666 785 902 826 definienda
936 784 1130 825 Andreae
1169 783 1288 824 Bosii
1322 783 1431 824 ratio
1465 781 1686 836 probanda
1726 783 1802 834 est,

115 859 187 913 qui
220 857 290 914 (de
323 858 574 912 pontificatu
607 871 717 898 max.
750 857 898 910 imper.
929 855 1050 896 Rom.
1082 853 1143 895 IV
1170 853 1215 908 4)
1244 869 1267 894 a
1294 853 1503 895 Macrobii
1536 852 1802 906 temporibus

111 929 468 984 proficiscendum
502 943 592 969 esse
632 927 786 969 docuit.
843 941 980 981 neque
1014 926 1125 967 enim
1160 925 1351 966 dubitari
1389 926 1532 979 potest
1571 919 1673 977 quin
1711 921 1803 963 Ser-

111 1002 204 1042 vius
239 1015 362 1055 quem
395 999 638 1041 Macrobius
670 1013 755 1040 non
788 999 917 1039 nullis
952 997 1294 1039 Saturnaliorum
1326 996 1430 1038 locis
1464 995 1706 1049 loquentem
1746 994 1803 1034 fe-

112 1072 216 1113 cerit
248 1072 302 1113 ab
336 1085 384 1112 eo
424 1070 542 1112 cuius
581 1071 624 1110 in
661 1069 903 1124 Vergilium
943 1068 1240 1110 commentarii
1279 1071 1425 1109 extent
1456 1082 1540 1108 non
1580 1066 1636 1106 sit
1674 1065 1805 1105 diver-

113 1140 238 1198 sus.¹)
296 1143 339 1183 in
379 1141 586 1182 Macrobii
625 1140 761 1196 igitur
793 1142 834 1181 et
873 1155 1018 1181 eorum
1058 1155 1240 1194 quorum
1280 1154 1497 1180 sermones
1537 1137 1610 1178 ille
1649 1136 1805 1177 referre

114 1229 157 1255 se
191 1213 366 1254 simulat
397 1215 592 1266 tempora
624 1209 760 1252 Servii
793 1214 908 1252 aetas
943 1211 1105 1252 incidit.
1160 1211 1231 1265 qui
1258 1210 1454 1251 homines
1495 1209 1648 1264 quibus
1685 1207 1804 1248 annis

113 1285 207 1326 nati
240 1284 393 1338 quibus
415 1283 573 1324 mortui
595 1282 682 1323 sint
715 1282 794 1323 etsi
816 1297 900 1322 non
924 1284 988 1323 est
1009 1281 1137 1323 certis
1159 1281 1420 1322 testimoniis
1442 1280 1672 1335 proditum,
1700 1278 1805 1318 illud

112 1359 256 1397 tamen
293 1356 466 1397 constat
503 1354 729 1408 plerosque
773 1367 917 1394 eorum
961 1352 1099 1394 medio
1142 1352 1229 1393 fere
1269 1354 1422 1406 quarto
1464 1351 1632 1392 saeculo
1675 1349 1808 1389 lucem

116 1427 351 1483 aspexisse,
395 1425 626 1468 decessisse
671 1424 840 1466 circiter
879 1423 1081 1465 vicesimo
1128 1423 1391 1477 insequentis
1440 1421 1597 1464 saeculi
1643 1418 1809 1475 annoff).

115 1499 187 1554 qui
206 1498 287 1539 hac
312 1497 479 1540 ratione
499 1496 663 1538 inventi
685 1498 784 1537 sunt
806 1494 1036 1536 Sei-vianae
1058 1494 1213 1535 aetatis
1234 1494 1407 1535 termini
1430 1493 1565 1535 eidem
1588 1506 1809 1547 argumen-

113 1571 170 1611 tis
204 1568 456 1624 quibusdam
479 1582 499 1608 e
520 1566 774 1621 Vergiliano
796 1565 1105 1607 commentario
1126 1566 1275 1618 petitis
1298 1564 1620 1622 confirmantur.
1631 1561 1664 1619 3)
1710 1578 1809 1603 nam

114 1641 227 1682 inter
260 1640 490 1694 scriptores
524 1654 548 1680 a
581 1638 728 1680 Servio
767 1637 966 1679 laudatos
1008 1634 1079 1692 (cf.
1113 1636 1165 1677 ad
1198 1636 1302 1676 Aen.
1335 1635 1373 1676 X
1407 1636 1491 1676 272
1526 1637 1567 1675 et
1599 1632 1702 1688 388)
1747 1635 1813 1673 est

116 1712 265 1753 Rufius
298 1710 449 1752 Festus
482 1710 670 1751 Avienus
711 1708 782 1763 qui
829 1722 940 1749 anno
974 1707 1059 1748 372
1115 1722 1192 1761 pro
1233 1707 1406 1747 consule
1444 1705 1487 1746 in
1522 1705 1686 1746 Achaia
1717 1704 1811 1744 fuit.

118 1783 167 1824 ad
203 1782 307 1824 Aen.
345 1781 410 1822 III
449 1782 504 1824 80
543 1780 653 1835 quod
694 1779 865 1821 Servius
904 1778 1128 1819 adnotavit
1166 1777 1296 1819 etiam
1336 1792 1411 1819 sua
1449 1778 1589 1818 aetate
1628 1776 1810 1829 impera-

212 1920 245 1961 1)
273 1918 315 1953 cf.
345 1917 419 1952 Sat.
446 1917 462 1950 I
489 1921 550 1958 24,
577 1920 622 1950 20
651 1915 842 1949 ‘Avienus2
879 1924 951 1947 non
978 1912 1170 1946 adsumam
1197 1912 1305 1955 mihi⁷
1332 1911 1401 1955 ait,
1429 1912 1470 1945 ut
1514 1921 1623 1944 unam
1651 1909 1813 1953 aliquam

118 1972 162 2006 de
190 1970 407 2014 Virgilianis
433 1969 634 2005 virtutibus
661 1968 817 2003 audeam
844 1965 1076 2011 praedicare,
1104 1965 1168 1999 sed
1197 1964 1380 1999 audiendo
1403 1975 1655 2009 quaecumque
1683 1961 1814 1997 dicetis

118 2024 240 2069 siquid
266 2024 326 2058 vel
352 2023 395 2058 de
421 2022 479 2057 his
505 2021 597 2056 mihi
624 2020 811 2056 videbitur
837 2019 897 2054 vel
922 2018 1137 2053 iamdudum
1164 2018 1305 2062 legenti
1332 2017 1585 2052 adnotandum
1612 2016 1733 2050 visum
1759 2017 1813 2050 est

117 2076 334 2122 oportunius
361 2075 565 2120 proferam:
599 2074 708 2108 modo
736 2071 978 2107 memineritis
1012 2084 1033 2106 a
1061 2072 1188 2106 Servio
1221 2073 1348 2106 nostro
1382 2070 1602 2115 exigendum
1638 2070 1678 2103 ut
1710 2068 1812 2112 quic-

120 2131 207 2175 quid
223 2131 419 2165 obscurum
434 2126 620 2162 videbitur
635 2126 739 2170 quasi
760 2126 1009 2159 litteratorum
1031 2125 1194 2159 omnium
1208 2125 1317 2169 longe
1333 2123 1514 2159 maximus
1535 2123 1656 2167 palam
1672 2122 1813 2156 faciat’.

122 2184 169 2217 VI
197 2189 229 2228 6,
259 2188 275 2217 1
307 2183 385 2217 ‘sed
411 2193 507 2217 nunc
534 2180 634 2216 dicat
659 2179 743 2214 volo
773 2179 919 2214 Servius
946 2189 1039 2222 quae
1066 2177 1104 2212 in
1129 2176 1289 2222 Virgilio
1323 2176 1509 2212 notaverit
1541 2176 1587 2210 ab
1613 2175 1695 2219 ipso
1723 2175 1814 2219 figu-

118 2240 215 2281 rata,
250 2249 323 2272 non
348 2248 370 2271 a
401 2235 586 2270 veteribus
618 2235 789 2278 accepta,
827 2232 886 2266 vel
918 2242 1008 2265 ausu
1040 2231 1187 2275 poetico
1225 2241 1319 2265 nove
1359 2230 1507 2274 quidem
1547 2229 1610 2263 sed
1643 2228 1815 2263 decenter

118 2291 306 2335 usurpata.
353 2288 490 2324 cotidie
517 2287 615 2322 enim
640 2287 827 2320 Romanae
853 2284 969 2319 indoli
1002 2284 1204 2319 enarrando
1239 2284 1395 2318 eundem
1426 2284 1551 2318 vatem
1578 2293 1726 2317 necesse
1760 2283 1816 2315 est

120 2343 258 2377 habeat
282 2341 391 2376 huius
418 2339 668 2375 adnotationis
695 2338 888 2373 scientiam
913 2337 1209 2382 promptiorem’.
1374 2338 1409 2379 2)
1436 2335 1666 2370 Macrobium
1695 2334 1814 2379 ipsum

123 2397 235 2432 etiam
260 2408 396 2443 annum
418 2393 639 2429 CCCCXXII
665 2392 802 2427 vidisse
829 2390 1073 2436 probabiliter
1106 2389 1343 2425 coniecerunt
1368 2390 1439 2424 viri
1459 2389 1570 2425 docti.
1608 2389 1650 2423 cf.
1674 2388 1815 2432 quaest.

123 2451 222 2485 SerV.
250 2463 284 2495 p.
312 2453 368 2483 50.
413 2448 579 2483 Vettium
606 2446 884 2480 Praetextatum
917 2455 1011 2479 anno
1038 2442 1296 2478 CCCLXXXV
1341 2444 1531 2477 mortuum
1564 2453 1640 2477 esse
1668 2441 1707 2475 O.
1736 2441 1816 2475 Iah-

123 2503 204 2538 nius
231 2504 300 2538 act.
329 2513 401 2537 soc.
428 2501 524 2546 Lips.
554 2512 585 2535 a.
616 2503 703 2534 1851
738 2511 772 2544 p.
801 2502 868 2533 338
890 2510 968 2543 sqq.
1003 2496 1138 2531 docuit.
1187 2496 1449 2540 Symmachum
1482 2495 1670 2541 Eugenius
1697 2494 1816 2529 Morin

122 2557 247 2600 (etude
274 2567 336 2590 sur
360 2556 397 2590 la
422 2554 481 2589 vie
509 2555 546 2588 et
572 2565 632 2588 sur
658 2553 711 2587 les
745 2551 854 2587 ecrits
881 2552 925 2586 de
953 2552 1176 2596 Symmaque
1206 2551 1306 2585 Paris
1335 2554 1424 2584 1847
1451 2562 1486 2593 p.
1514 2553 1535 2583 4
1561 2550 1598 2583 et
1625 2551 1682 2592 79)
1722 2559 1815 2582 anno

124 2609 275 2645 CCCXL
303 2611 446 2653 natum,
473 2618 568 2643 anno
595 2605 746 2641 CCCCX
772 2615 984 2649 supremum
1011 2605 1108 2639 diem
1136 2603 1271 2639 obiisse
1293 2602 1441 2645 statuit,
1468 2614 1489 2636 a
1516 2614 1588 2647 quo
1617 2601 1816 2637 Teuffelius

124 2664 209 2708 (litt.
248 2663 326 2699 Lat.
361 2662 445 2697 hist.
485 2665 504 2703 ἓ
532 2665 598 2695 399
632 2659 756 2694 adnot.
785 2661 819 2701 3)
851 2658 904 2692 ita
936 2657 1108 2693 dissentit
1147 2660 1198 2700 ut,
1238 2657 1343 2692 illum
1384 2668 1414 2690 a.
1444 2655 1559 2690 CCCL
1599 2656 1745 2697 natum,
1784 2665 1815 2687 a.

125 2716 310 2752 CCCCXX
336 2717 521 2750 mortuum
548 2724 626 2748 esse
653 2712 764 2747 dicat.
809 2711 853 2746 de
874 2711 1091 2746 Nicomachi
1112 2710 1279 2746 Flaviani
1306 2711 1427 2744 aetate
1456 2709 1500 2743 cf.
1523 2709 1722 2743 Teuffelius
1748 2708 1771 2741 1.
1794 2708 1815 2741 l.

124 2775 143 2813 ἓ
169 2774 237 2805 402
265 2769 389 2804 adnot.
419 2773 448 2802 1.
489 2765 698 2812 Symmachi
735 2764 929 2810 epistolam
962 2765 1047 2799 VIII
1076 2769 1118 2800 59
1154 2765 1280 2800 Servio
1313 2762 1529 2807 inscriptam
1563 2774 1641 2797 esse
1674 2771 1817 2795 moneo.

125 2824 170 2858 cf.
197 2823 301 2868 epist.
329 2823 345 2856 I
375 2827 388 2856 1
419 2823 456 2856 et
482 2821 582 2856 Serv.
610 2818 657 2853 ad
683 2819 771 2853 Aen.
798 2818 868 2852 VII
896 2822 973 2854 662.
1119 2820 1154 2862 3)
1181 2817 1279 2862 quod
1307 2817 1447 2860 quaest.
1477 2815 1576 2849 Serv.
1604 2827 1638 2858 p.
1667 2818 1710 2847 50
1738 2813 1815 2847 Ser-

125 2876 227 2911 vium
252 2874 433 2910 Macrobii
458 2873 652 2918 aequalem
672 2874 763 2905 natu
788 2871 968 2905 minorem
995 2871 1107 2905 fuisse
1128 2870 1204 2904 dixi
1229 2870 1265 2904 id
1292 2868 1402 2903 hodie
1422 2867 1499 2912 ipse
1521 2867 1651 2901 abicio.
1680 2865 1813 2900 etenim

126 2929 226 2974 quod
252 2927 461 2962 Macrobius
489 2926 666 2961 Serviano
694 2924 958 2959 commentario
986 2935 1060 2958 non
1094 2926 1148 2959 est
1174 2935 1260 2957 usus
1288 2922 1373 2956 inde
1400 2931 1471 2954 non
1499 2919 1665 2962 sequitui·
1692 2918 1815 2952 Satur-

125 2981 226 3017 nalia
264 2983 348 3017 ante
390 2979 694 3015 commentarium
727 2978 827 3013 edita
864 2988 952 3013 esse.
1000 2978 1042 3012 cf.
1085 2988 1179 3021 quae
1213 2986 1322 3020 supra
1355 2974 1398 3007 dc
1439 2972 1601 3006 fontibus
1641 2970 1818 3005 Macrobii

129 3035 230 3070 dicta
254 3035 349 3069 sunt.
396 3033 541 3068 accedit
567 3031 666 3077 quod
691 3042 810 3076 neque
831 3041 902 3074 quo
924 3042 1021 3066 anno
1043 3028 1252 3065 Saturnalia
1273 3027 1410 3071 scripta
1437 3026 1510 3059 sint
1536 3026 1681 3059 constat
1702 3035 1818 3067 neque

128 3086 286 3122 iudicari
312 3087 434 3131 potest
458 3085 497 3119 in
522 3095 649 3119 eorum
676 3095 767 3127 quos
794 3083 890 3118 inter
917 3095 953 3118 se
975 3084 1227 3127 colloquentes
1253 3080 1340 3114 fecit
1362 3078 1469 3113 rebus
1496 3077 1543 3112 ad
1570 3076 1654 3111 libri
1680 3077 1734 3111 sui
1761 3088 1815 3110 ra—

128 3139 246 3174 tiones
273 3137 494 3183 adaptandis
523 3150 634 3183 quam
661 3136 851 3172 licentiam
879 3136 950 3171 sibi
976 3147 1185 3172 concessam
1213 3144 1289 3168 esse
1316 3131 1502 3177 putaverit
1527 3129 1745 3166 Macrobius.
