2204 3437
387 167 450 201 LII
1088 164 1371 201 PRAEFATIO.

387 278 533 329 aperte
565 274 784 330 professus
827 277 893 315 est
925 290 1052 316 unam
1084 273 1307 316 Fuldensis
1340 275 1632 316 membranam
1665 273 1752 315 suis
1780 289 1823 316 30
1856 275 1988 316 0011113
2021 276 2078 316 vi-

388 345 510 387 disse.
561 346 635 387 1110
657 345 767 385 0111111
790 345 882 386 1000
906 345 1045 386 verbis
1067 359 1174 400 quae
1196 348 1295 387 sunt
1314 359 1416 399 quac
1441 345 1708 386 benevolentia
1739 378 1747 386 .
1776 379 1783 386 .
1811 379 1819 388 .
1852 349 1887 386 et
1912 348 1947 386 ce
1959 349 2078 398 pater

387 417 533 469 optimc
567 417 763 457 Teucrum
796 415 900 456 haec
931 415 1096 456 addidit
1129 415 1199 457 ‘ex
1232 416 1373 457 codice
1401 414 1599 457 Fuldensi
1625 415 1742 456 cuius
1764 416 1869 471 frag.
1901 416 2077 458 duarum

387 487 642 541 paginarum
687 486 828 526 videre
867 485 1030 539 licuit',
1075 487 1210 528 altero
1254 487 1395 528 verbis
1433 487 1509 528 alii
1551 487 1612 527 ita
1643 519 1651 526 .
1678 518 1687 526 .
1716 519 1724 526 .
1756 487 1946 528 resolvere
1982 488 2078 528 iura

386 558 608 612 praemisit-
649 556 720 596 ‘ex
759 570 795 596 v.
836 556 980 598 codice
1013 557 1186 611 collegii
1219 557 1442 599 Fuldensis
1486 557 1604 598 cuius
1645 556 1934 612 fragmentum
1979 558 2078 599 dua-

385 643 477 668 rum
512 640 605 681 pag.
637 641 738 680 prae
771 626 966 667 manibus
997 626 1168 669 habui':
1202 628 1353 682 quibus
1386 627 1646 669 testimoniis
1679 628 1946 682 intellegitur
1978 629 2078 683 quid

386 698 467 739 sibi
500 697 634 738 velint
672 696 809 737 ‘binio
845 696 1091 739 Fuldensis'
1132 698 1226 752 illa,
1264 713 1373 752 quae
1405 699 1449 739 in
1483 698 1619 739 altero
1657 698 1938 752 praefationis
1970 714 2079 741 com—

385 768 594 809 mentario
628 767 812 820 margini
845 767 1060 822 adscripta
1103 782 1193 808 esse
1232 768 1329 810 dixi.
1378 768 1547 810 videt-ur
1585 771 1728 809 autem
1760 768 1914 810 Daniel
1948 784 1997 810 ea
2029 770 2078 811 de

386 854 513 880 causa
546 839 589 879 in
622 837 865 878 adornando
900 853 975 879 suo
1018 838 1247 892 exemplari
1281 838 1415 879 Medii
1453 841 1656 892 excerpta
1686 839 1941 894 neglexisse,
1980 841 2080 894 quia

387 909 439 951 ab
473 908 555 949 alio
590 922 634 948 se
666 907 997 961 impetraturum
1031 922 1122 949 esse
1156 909 1358 962 sperabat
1390 910 1437 949 111
1469 907 1691 950 Fuldensis
1726 909 1854 951 codex
1886 913 2003 952 totus
2035 912 2078 952 in

388 994 510 1021 suum
544 993 666 1019 usum
700 978 1020 1019 exscriberetur.
1075 992 1209 1032 neque
1247 978 1357 1019 falsa
1390 993 1463 1032 spe
1496 979 1692 1021 inductus
1727 982 1802 1021 est.
1851 995 1951 1021 nam
1984 997 2079 1023 cum

386 1050 432 1090 in
465 1063 511 1090 eo
546 1052 659 1089 esset
690 1051 736 1089 ut
767 1063 923 1090 novum
959 1047 1093 1090 Servii
1129 1050 1347 1103 exemplar
1379 1049 1574 1090 ederetur
1605 1049 1786 1092 Iacobus
1812 1051 2078 1107 Bongarsius

387 1121 557 1174 plenam
584 1119 811 1160 Fuldensis
844 1119 945 1160 libri
967 1119 1256 1161 conlationem
1282 1135 1306 1161 a
1332 1119 1476 1162 Marco
1503 1120 1684 1163 Velsero
1718 1125 1760 1163 et
1787 1121 1914 1176 Gasp.
1936 1122 2079 1178 Sciop-

385 1192 457 1245 pio
491 1191 649 1232 factam
683 1205 703 1232 e
738 1189 967 1232 Germania
1001 1190 1215 1245 adtulitl),
1249 1206 1375 1245 quam
1408 1191 1563 1232 Daniel
1596 1191 1647 1233 ad
1681 1207 1802 1234 suum
1835 1196 2078 1235 contextum

388 1262 636 1316 adaptatam
670 1262 714 1302 in
749 1261 978 1315 appendice
1013 1261 1156 1303 edidit.

505 1331 761 1374 Fuldensem
795 1332 983 1373 codicem
1006 1346 1131 1386 quem
1153 1331 1379 1387 Scioppius
1402 1332 1590 1374 excussit
1609 1348 1634 1374 a
1655 1332 1902 1375 Oassellano
1929 1338 2077 1377 nostro

386 1418 471 1445 11011
503 1404 717 1444 diversum
752 1418 842 1444 esse
876 1405 1039 1444 certum
1073 1406 1149 1445 est.
1198 1418 1298 1444 nam
1331 1418 1438 1457 quae
1473 1402 1697 1458 Scioppius
1731 1405 1775 1445 in
1808 1405 1885 1446 illo
1920 1406 2080 1461 scripta

387 1489 547 1529 quaeve
581 1475 740 1515 omissa
780 1488 871 1515 esse
910 1474 1016 1515 dixit
1057 1473 1205 1515 eadem
1243 1474 1285 1514 in
1323 1473 1403 1515 hoc
1449 1477 1523 1515 aut
1566 1475 1768 1530 leguntur
1808 1479 1882 1517 aut
1921 1477 2084 1519 desunt.

387 1546 490 1586 item
524 1559 705 1600 magnus
739 1547 804 1586 est
837 1545 949 1586 inter
984 1543 1282 1586 Cassellanum
1315 1547 1357 1586 et
1390 1559 1439 1585 ea
1472 1559 1578 1599 quae
1610 1546 1661 1587 de
1689 1547 1871 1601 singulis
1905 1548 2082 1590 Fulden-

389 1617 445 1657 sis
484 1617 584 1657 libri
625 1615 849 1669 seripturis
887 1615 1016 1656 homo
1051 1615 1120 1655 1110
1160 1615 1309 1656 doctus
1347 1616 1531 1669 protulit
1569 1631 1813 1659 consensus.
1863 1619 2084 1661 conficitur

389 1689 532 1727 autem
565 1701 633 1727 res
668 1700 716 1728 eo
750 1686 861 1740 quod
894 1701 1001 1741 quae
1030 1685 1254 1740 Scioppius
1289 1685 1338 1727 de
1365 1687 1616 1727 correcturis
1649 1687 1693 1728 in
1724 1687 1926 1730 Fuldensi
1956 1690 2082 1732 factis

387 1760 429 1798 et
463 1756 511 1797 de
546 1757 869 1811 supplementis
898 1757 1151 1812 quibusdam
1191 1759 1376 1798 testatus
1415 1760 1480 1798 est
1518 1757 1664 1798 eadem
1704 1758 1749 1799 in
1787 1757 2083 1803 Cassellanum

390 1827 558 1869 cadunt.
610 1827 662 1869 ad
708 1827 813 1869 Aen.
846 1828 865 1868 I
901 1829 954 1869 12
999 1826 1055 1884 (p.
1094 1829 1164 1882 16,
1199 1826 1272 1883 13)
1317 1828 1361 1869 in
1408 1826 1661 1870 Cassellano
1707 1844 1731 1870 a
1773 1816 1916 1884 prima
1954 1847 2082 1874 manu

386 1901 502 1939 recte
536 1898 741 1952 scriptum
776 1902 840 1939 est
872 1897 1008 1951 Scipio
1043 1899 1322 1950 Aemilianus,
1361 1901 1574 1940 corrector
1612 1899 1745 1953 ipsius
1780 1900 1915 1943 Servii
1947 1903 2081 1944 libros

389 1971 557 2010 secutus
602 1983 659 2009 cm
703 1969 871 2009 litteras
925 1969 1101 2010 delevit:
1157 1968 1381 2023 Scioppius
1432 1969 1687 2011 Fuldensem
1731 1971 1889 2013 habere
1935 1973 2082 2015 docuit

387 2038 551 2093 ‘Scipio
586 2039 795 2080 Aemilius
829 2042 927 2081 ante
962 2039 1261 2081 Aemilianus’.
1313 2040 1417 2081 Aen.
1449 2040 1469 2081 I
1504 2042 1524 2082 1
1561 2039 1617 2096 (p.
1652 2042 1695 2095 6,
1731 2040 1773 2098 7)
1806 2043 1849 2084 in
1882 2046 2082 2086 contextu

392 2109 548 2150 Daniel
582 2109 712 2150 edidit
738 2111 878 2163 copiis,
919 2111 962 2151 in
1002 2111 1232 2164 appendice
1271 2111 1320 2152 de
1359 2110 1562 2152 Fuldensi
1599 2111 1703 2153 haec
1743 2113 1946 2156 adnotata
1984 2118 2083 2157 sunt

388 2181 513 2222 eante
547 2195 693 2222 vocem
726 2182 850 2234 copiis
882 2182 998 2223 addit
1029 2181 1188 2224 corise's':
1221 2183 1262 2223 in
1291 2181 1537 2224 Cassellano
1565 2183 1703 2237 prima
1735 2199 1886 2226 manus
1919 2186 1964 2226 in
1989 2186 2082 2240 ipsa

388 2252 503 2293 linea
536 2251 709 2305 scripsit
740 2253 876 2306 coriis,
909 2253 1026 2306 prior
1060 2255 1273 2294 corrector
1307 2268 1436 2307 supra
1469 2269 1638 2295 versum
1672 2256 1796 2307 copiis
1828 2256 1888 2296 sic
1920 2256 2083 2298 addidit

387 2325 436 2364 111
485 2337 571 2363 11011
624 2337 753 2376 supra
810 2324 931 2364 coriis
983 2324 1055 2364 sed
1113 2338 1241 2377 supra
1297 2324 1593 2378 insequentem
1652 2340 1799 2367 vocem
1854 2330 2084 2380 poneretur

572 2400 606 2417 00
630 2399 667 2416 us

388 2428 535 2483 (coriis
569 2400 758 2480 triiricis).
807 2428 874 2468 his
914 2429 1022 2470 addo
1050 2444 1136 2476 non
1169 2430 1289 2470 nulla
1318 2428 1506 2484 Scioppii
1535 2431 1781 2472 testimonia
1802 2446 1908 2485 quae
1935 2435 2080 2485 aperte

389 2515 410 2540 e
444 2498 697 2540 correcturis
731 2499 773 2538 in
807 2498 1056 2539 Uassellano
1088 2499 1213 2540 factis
1249 2503 1344 2541 orta
1377 2503 1486 2541 sunt.
1537 2502 1642 2542 Aen.
1674 2501 1694 2542 I
1722 2502 1803 2542 149
1837 2500 1896 2556 (p.
1917 2503 1984 2556 63,
2005 2501 2080 2557 23)

388 2585 464 2624 pro
496 2583 618 2621 caque
639 2568 912 2610 Cassellanus
945 2569 1077 2610 habet
1107 2584 1255 2623 aquae,
1288 2571 1354 2611 cui
1388 2574 1601 2613 corrector
1627 2587 1646 2614 c
1666 2573 1980 2626 superscripsit,
2007 2573 2080 2614 sed

388 2733 401 2767 I
431 2738 472 2767 13
502 2733 565 2767 ‘ex
592 2732 814 2776 transcripto
840 2731 944 2766 Fnld.
973 2731 1051 2766 cod.
1099 2732 1238 2766 Ostiam
1271 2745 1356 2768 vero
1389 2733 1487 2769 ideo'
1526 2747 1555 2770 0.
1590 2748 1623 2779 q.
1651 2747 1677 2769 s.
1717 2736 1733 2769 Ι
1760 2740 1803 2770 38
1838 2736 1896 2770 ‘ex
1927 2737 2079 2771 transcr.

387 2799 420 2821 v.
448 2786 526 2821 cod.
555 2785 637 2820 coll.
665 2785 769 2819 Fuld.
798 2798 1002 2819 ‘mvt‘wmvnx
1029 2797 1084 2818 Av.
1119 2798 1196 2819 11110.
1241 2785 1332 2820 Mire
1359 2787 1522 2822 Aeneam
1549 2788 1669 2823 noluit
1693 2788 1897 2823 nominare’
1933 2799 1962 2822 0.
1990 2800 2023 2832 q.
2052 2801 2077 2823 3.

509 2840 542 2881 1)
568 2837 771 2882 Bongarsio
798 2838 953 2881 rogante
985 2837 1149 2871 Marcum
1179 2837 1384 2883 Volsci-um,
1419 2840 1581 2875 nobilem
1608 2839 1881 2886 Augustanum‚
1906 2841 2079 2876 interces-

390 2891 479 2925 sisse
513 2892 622 2935 puto,
658 2892 699 2924 ut
725 2889 919 2934 Scioppius
952 2889 1173 2924 Fuldenscm
1206 2890 1340 2925 librum
1375 2893 1613 2936 exscriberet;
1653 2904 1735 2927 nam
1776 2893 1895 2937 ipsum
1929 2905 2011 2927 eum
2043 2894 2080 2928 in

389 2944 610 2978 conferendo
637 2942 761 2977 codice
797 2942 959 2976 adfuisse
998 2942 1075 2975 veri
1113 2954 1184 2977 non
1225 2945 1280 2978 est
1319 2944 1448 2980 simile.
1494 2946 1590 2980 inter
1624 2944 1800 2990 epistolas
1833 2957 1913 2980 cum
1947 2946 2078 2980 ceteris

390 2997 465 3029 eius
494 2996 598 3030 libris
627 2996 893 3040 Norimbergae
921 3006 951 3029 a.
981 2999 1069 3029 1682
1097 2994 1216 3029 editas
1242 2997 1345 3031 nulla
1379 2999 1435 3032 031
1467 2999 1512 3032 ad
1539 2998 1732 3032 Danielem
1759 2998 1906 3043 scripta.
1953 2999 2078 3043 Seiop-

389 3048 471 3092 pius
498 3050 623 3083 autem
651 3051 735 3083 ante
762 3060 897 3082 annum
927 3052 1027 3090 1597,
1062 3059 1170 3092 quem
1197 3048 1281 3083 libri
1308 3050 1351 3084 de
1379 3053 1457 3085 arte
1485 3051 1613 3086 critica
1638 3051 1859 3095 praefationi
1885 3051 2079 3087 Altodorfii

390 3100 619 3144 subscripsit,
646 3100 808 3135 codicem
836 3101 1014 3135 tractasse
1041 3101 1198 3135 videtur.
