2132 3354
797 112 1081 147 PRAEFATIO.
1662 113 1780 147 XXXI

93 225 135 263 et
167 222 210 262 in
242 221 335 275 ipso
368 220 561 276 Vergilio
595 220 920 274 interpretando
955 220 1108 273 quibus
1143 221 1334 261 uteretur
1368 219 1548 260 aliorum
1583 220 1788 273 exemplis

96 307 145 333 ea
191 291 392 333 diuturno
435 307 514 333 11311
555 292 784 333 memoriae
827 291 957 331 infixa
1004 305 1094 331 esse
1133 290 1257 330 facile
1297 289 1573 343 intellegitur.
1629 291 1791 332 accedit

94 363 206 418 quod
239 361 432 403 Servium
467 363 649 404 aliorum
677 362 1055 416 grammaticorum
1085 361 1226 401 studia
1258 360 1301 400 in
1329 359 1640 413 antiquioribus
1667 361 1790 402 libris

95 433 366 474 emendandis
401 436 443 474 et
476 432 724 474 enarrandis
758 432 900 486 posita
934 431 1198 472 moderatum
1234 444 1325 471 esse
1364 430 1648 483 probabiliter
1680 432 1789 472 coni-

93 505 214 545 citur.
266 519 349 559 qua
382 504 425 544 in
456 519 500 545 re
534 517 822 545 commemoro
856 503 968 543 hanc
1000 502 1180 543 duorum
1213 500 1426 542 Iuvenalis
1460 501 1670 555 codicum,
1704 502 1789 542 Me-

94 575 201 616 dicei
240 577 281 616 et
319 574 554 629 Leidensis,
594 573 952 627 subscriptionem
994 572 1121 626 eLegi
1161 585 1240 626 ego
1278 571 1436 613 Niceus
1476 571 1639 612 Romae
1679 573 1789 627 apud

96 645 290 687 Servium
322 645 577 700 magistrum
623 647 664 685 et
702 643 965 697 emendavi’,
998 643 1048 684 de
1088 658 1170 696 qua
1208 642 1301 683 vide
1341 641 1386 683 O.
1419 641 1618 683 Iahniuni
1656 644 1790 696 praef.

96 717 156 758 ed.
198 717 296 757 min.
337 732 372 758 a.
416 717 526 757 1868
566 731 606 770 p.
641 716 676 756 7.
721 715 757 756 13
797 717 938 755 autem
976 713 1256 754 Verrinarum
1298 713 1541 754 orationum
1580 728 1789 755 commen-

95 787 231 828 tarius
276 802 401 841 quem
444 790 541 828 ante
585 787 852 840 praeclaram
894 785 1101 840 Madvigii
1145 784 1483 838 disputationem
1526 785 1649 825 multi
1691 784 1789 826 Nie-

100 857 297 899 buhrium
343 872 429 898 non
476 857 696 898 audientes
736 856 921 897 Asconio
962 856 1223 908 tribuerunt,
1273 857 1321 895 ut
1358 854 1439 896 hoc
1477 855 1570 909 ipso
1610 856 1787 910 vulgato

97 928 306 983 dignitate
338 928 530 982 inferior,
568 928 628 969 ita
660 927 805 968 multis
846 927 883 968 ei
915 926 1042 968 rebus
1076 929 1164 967 tam
1199 926 1353 967 similis
1387 929 1467 979 est,
1500 928 1546 966 ut
1580 926 1614 966 si
1647 941 1732 968 non
1766 943 1789 968 a

98 998 244 1040 Servio
277 999 389 1053 ipso,
423 1001 468 1040 at
500 1002 613 1040 certe
647 1014 668 1041 e
702 998 838 1040 Servii
872 998 1062 1051 officina,
1101 999 1149 1038 ut
1180 997 1240 1038 ita
1280 996 1434 1050 dicam,
1472 997 1665 1038 videatur
1696 1013 1791 1051 pro-

95 1070 232 1111 fectus
265 1084 368 1111 esse.
417 1069 498 1110 hoc
531 1085 660 1111 unum
693 1069 737 1110 in
769 1084 863 1110 eam
895 1084 984 1110 rem
1017 1068 1248 1122 protulisse
1276 1068 1380 1108 satis
1406 1068 1562 1118 habeo,
1596 1084 1619 1108 a
1641 1067 1788 1109 Servio

97 1141 308 1195 accepisse
341 1140 762 1182 Pseudo-Asconium
795 1140 906 1194 quod
940 1139 993 1180 ad
1026 1142 1106 1180 act.
1128 1138 1148 1179 I
1185 1139 1249 1192 10,
1282 1139 1335 1179 31
1365 1139 1414 1179 de
1448 1138 1630 1194 Vergilii
1664 1154 1789 1180 versu

91 1213 162 1267 qui
195 1215 260 1253 est
290 1212 383 1253 buc.
403 1210 464 1252 IV
489 1212 542 1252 12
568 1211 857 1266 intellegendo
909 1211 1034 1264 dixit,
1062 1210 1112 1251 de
1145 1225 1226 1264 quo
1262 1210 1426 1251 scholio
1460 1210 1650 1251 iudicans
1671 1209 1790 1250 Mad-

90 1283 230 1338 vigius
262 1282 330 1323 his
364 1282 505 1324 verbis
538 1297 639 1324 usus
674 1285 738 1324 est
771 1282 893 1323 ‘nihil
927 1285 1071 1323 tamen
1105 1281 1148 1322 in
1181 1279 1399 1322 Ciceronis
1433 1281 1788 1335 interpretatione

90 1357 180 1395 tam
221 1354 433 1395 insulsum
481 1368 608 1408 quam
657 1352 769 1406 quod
817 1352 867 1393 de
911 1352 1182 1393 nobilissimo
1233 1366 1358 1392 versu
1400 1351 1651 1406 Vergiliano
1696 1352 1790 1392 buc.

89 1424 150 1466 IV
181 1425 234 1466 12
274 1426 432 1479 posuit,
472 1439 598 1479 quem
635 1424 710 1465 ille
750 1423 800 1465 de
841 1423 1033 1478 quintilis
1084 1425 1125 1463 et
1163 1422 1327 1464 sextilis
1366 1422 1614 1463 nominibus
1654 1426 1789 1463 muta-

91 1496 147 1537 tis
187 1495 369 1550 accipit’.
432 1495 483 1537 ef.
536 1494 649 1536 SerV.
701 1495 753 1536 ad
799 1494 903 1536 Aen.
950 1494 1011 1535 XI
1055 1494 1137 1535 301
1192 1496 1233 1534 et
1276 1493 1691 1535 Pseudo-Asconius
1739 1493 1788 1534 ad

91 1566 223 1608 divin.
257 1565 362 1608 XIII
395 1567 464 1607 43.

210 1637 247 1678 A
280 1637 421 1678 verbis
455 1637 636 1678 aliorum
664 1637 919 1691 scriptorum
951 1636 1133 1690 exempli
1160 1650 1287 1676 causa
1313 1635 1495 1676 laudatis
1528 1635 1604 1675 illa
1636 1634 1789 1675 discer-

92 1708 230 1749 nenda
262 1712 361 1750 sunt
393 1723 499 1763 quae
534 1707 705 1749 Servius
748 1722 797 1749 ex
832 1723 976 1749 eorum
1010 1708 1131 1748 libris
1172 1707 1384 1760 excerpsit
1422 1721 1528 1761 quos
1567 1709 1789 1760 tamquam

93 1782 290 1821 auctores
331 1794 429 1821 suos
469 1779 560 1833 ipse
606 1782 925 1820 commemorat.
982 1779 1134 1820 horum
1175 1779 1382 1819 librorum
1423 1792 1519 1819 cum
1557 1793 1643 1819 non
1681 1777 1790 1818 nulli

92 1850 219 1892 hodie
247 1853 403 1904 extent,
444 1849 580 1891 Servii
619 1850 881 1892 testimoniis
927 1853 1134 1903 quantum
1175 1849 1275 1890 fidei
1313 1848 1557 1889 habendum
1598 1849 1654 1889 sit
1693 1863 1790 1890 con—

93 1921 215 1962 stitui
247 1924 403 1974 potest.
455 1926 582 1976 atque
617 1922 748 1976 siquis
789 1936 838 1962 ea
870 1935 976 1975 quae
999 1919 1170 1962 Servius
1198 1920 1304 1961 Aen.
1325 1919 1387 1960 IV
1409 1920 1493 1961 379
1528 1935 1551 1960 a
1584 1919 1790 1961 Cicerone

93 1991 164 2048 (de
196 1995 282 2034 nat.
315 1993 428 2034 deor.
460 1992 478 2032 I
513 1993 586 2046 23,
621 1992 694 2047 63)
735 1995 777 2033 et
811 1993 914 2033 Aen.
947 1991 987 2033 V
1022 1992 1106 2033 738
1149 2006 1173 2032 a
1205 1990 1343 2032 Gellio
1385 1989 1469 2035 (HI
1502 1989 1547 2044 2)
1586 1991 1789 2044 petivisse

92 2078 135 2104 se
168 2063 395 2117 profitetur
427 2078 520 2105 cum
554 2063 658 2118 ipsis
699 2061 920 2105 Ciceronis
956 2066 997 2103 et
1035 2061 1164 2103 Gellii
1203 2061 1344 2102 verbis
1385 2062 1714 2116 comparaverit,
1754 2061 1789 2102 is

92 2134 214 2174 illum
246 2149 297 2175 ne
330 2149 396 2175 res
437 2134 630 2189 quidem,
668 2135 821 2176 nedum
862 2134 995 2175 verba
1033 2133 1222 2174 tenuisse
1262 2132 1442 2186 videbit,
1480 2135 1528 2173 ut
1568 2148 1651 2186 quo
1684 2135 1789 2174 tem-

91 2219 194 2258 pore
234 2205 560 2246 commentarios
602 2205 775 2259 scripsit
812 2205 947 2246 libros
987 2204 1084 2245 illos
1123 2219 1209 2245 non
1247 2203 1388 2258 possit
1420 2203 1670 2256 inspexisse.
1721 2218 1789 2244 ne-

94 2290 172 2329 que
210 2276 371 2317 maiore
412 2291 513 2317 cura
553 2276 684 2316 Plinii
727 2276 914 2316 naturali
962 2275 1146 2316 historia
1190 2289 1291 2315 usus
1331 2276 1415 2326 est,
1461 2289 1542 2328 quo
1589 2289 1638 2315 ex
1678 2274 1789 2315 libro

94 2347 199 2387 satis
234 2347 371 2388 multa
410 2347 601 2387 derivata
640 2361 731 2387 esse
770 2346 878 2387 dixit
917 2360 1022 2400 quae
1063 2346 1106 2386 in
1146 2360 1194 2386 eo
1233 2360 1318 2386 non
1357 2345 1644 2386 inveniuntur.
1690 2359 1788 2385 nam

95 2432 189 2458 cum
223 2417 477 2471 quadragies
511 2416 598 2457 fere
619 2416 783 2457 Plinius
817 2417 1035 2470 laudetur,
1069 2414 1263 2469 Silligius
1291 2416 1422 2469 praef.
1450 2432 1488 2470 p.
1508 2416 1565 2457 45
1591 2416 1658 2456 his
1686 2416 1789 2456 locis

95 2488 234 2528 aliena
266 2488 305 2528 ei
336 2488 469 2529 tribui
503 2487 649 2528 docuit
687 2487 794 2529 Aen.
825 2487 846 2528 I
882 2487 984 2541 174,
1015 2486 1077 2527 IV
1111 2487 1192 2527 261
1232 2489 1274 2527 et»
1306 2485 1412 2541 551,
1444 2486 1551 2527 VIII
1584 2486 1660 2536 33,
1692 2485 1791 2538 401,

95 2559 196 2612 652;
231 2557 292 2600 IX
326 2558 426 2612 715,
465 2558 503 2598 X
546 2559 645 2612 174,
690 2559 788 2612 184,
829 2559 930 2613 2723
970 2558 1062 2599 buc.
1100 2556 1164 2598 III
1198 2558 1241 2611 8,
1281 2570 1426 2611 georg.
1458 2556 1478 2597 I
1511 2556 1584 2607 59,
1623 2556 1665 2597 ΙΙ
1709 2555 1787 2595 119

97 2632 139 2670 et
174 2629 273 2684 152,
305 2628 371 2670 ΠΙ
402 2629 500 2670 422.
551 2629 683 2670 nolim
716 2631 861 2670 tamen
893 2628 1204 2669 fraudulentiae
1237 2628 1424 2668 incusari
1457 2626 1789 2681 grammaticum

95 2701 217 2755 quasi
256 2714 511 2754 magnorum
557 2700 816 2754 scriptorum
855 2700 1112 2741 auctoritate
1158 2700 1384 2752 praetenta
1423 2698 1510 2738 suis
1550 2696 1789 2750 praeceptis

94 2772 191 2825 plus
224 2771 425 2825 ponderis
459 2770 555 2812 addi
587 2771 792 2824 voluerit,
820 2770 893 2812 sed
918 2770 1298 2824 neglegentissime
1325 2768 1517 2821 profecto
1551 2767 1650 2808 feeit
1678 2766 1789 2819 quod

95 2856 202 2896 quae
235 2841 285 2882 de
317 2841 586 2882 naturalibus
625 2841 753 2882 rebus
793 2840 963 2882 aliunde
1002 2840 1069 2882 vel
1102 2839 1283 2894 legendo
1316 2839 1384 2879 vel
1424 2838 1633 2879 audiendo
1674 2851 1790 2878 acce-

95 2914 218 2966 perat
256 2914 415 2953 temere
455 2911 506 2952 ad
550 2911 762 2953 naturalis
808 2911 1016 2953 historiae
1062 2910 1315 2964 scriptorem
1359 2908 1539 2949 rettulit.
1591 2907 1790 2948 similiter

95 2982 282 3023 incuriae
323 2985 366 3023 et
403 2982 719 3036 properantiae,
759 2996 845 3023 non
890 2981 1175 3036 malignitatis
1215 2980 1516 3020 documentum
1555 2992 1646 3018 csse
1685 2979 1788 3030 puto

97 3052 209 3106 quod
230 3052 333 3094 Aen.
353 3052 438 3093 VII
463 3054 481 3093 1
516 3052 688 3094 Donato
722 3053 952 3107 imputavit
979 3051 1091 3105 quod
1125 3051 1177 3092 ab
1212 3064 1259 3089 eo
1289 3050 1473 3090 alienum
1501 3063 1593 3089 esse
1626 3047 1789 3088 scholio

169 3127 264 3152 Servii
284 3135 389 3154 comm,
410 3128 478 3153 Vol.
498 3128 521 3154 I.
552 3128 638 3153 Fuso.
660 3128 700 3152 ΙΙ.
1489 3128 1506 3150 C
