2204 3437
340 171 490 205 XXXIV
1036 167 1320 203 PRAEFATIO.

342 278 561 332 superiora
594 281 638 318 at
670 279 781 318 certe
819 277 941 331 paria
980 279 1077 317 sunt
1115 277 1192 317 illa
1231 276 1384 329 quibus
1422 274 1648 327 poetarum
1686 274 1730 313 et
1767 272 2026 326 Scriptorum

344 349 527 403 Augusti
562 351 701 389 aetate
735 347 1023 401 antiquiorum
1062 346 1257 400 exempla
1290 346 1457 385 servata
1490 345 1604 393 sunt,
1636 357 1743 397 quae
1774 342 1818 383 in
1849 343 2027 397 vulgato

343 420 647 460 commentario
699 418 926 460 admodum
970 432 1067 458 rara
1119 431 1210 457 0336
1255 431 1385 469 supra
1429 414 1528 455 dixi.
1591 413 1754 455 accedit
1805 413 1916 468 quod
1965 413 2028 454 ita

343 491 535 544 exempla
568 490 642 530 illa
675 489 839 530 laudari
867 489 1022 541 solent,
1054 490 1102 528 ut
1127 502 1212 528 non
1239 487 1378 527 solum
1409 485 1630 538 scriptoris
1657 485 1730 525 sed
1762 484 1893 525 etiam
1927 483 2029 524 libri

343 577 391 601 cx
430 576 512 614 quo
553 560 804 613 deprompta
843 561 942 599 sunt
981 560 1225 598 accuratum
1270 555 1472 596 indicium
1511 554 1704 596 additum
1750 555 1817 596 sit.
1873 569 1922 596 ea
1960 569 2027 595 res

342 632 454 672 haud
488 631 572 671 scio
605 645 658 670 611
690 644 766 683 pro
801 629 924 682 siguo
958 642 1049 669 esse
1070 627 1219 681 possit,
1246 641 1328 681 quo
1358 626 1536 680 antiqua
1562 626 1725 667 scholia
1757 626 1810 667 ab
1843 626 1896 667 iis
1923 639 2029 680 quae

345 718 368 742 11
402 701 546 742 Servio
579 701 671 753 ipso
705 702 778 740 aut
810 698 1014 740 Sei-viana
1044 698 1133 739 fere
1167 700 1306 738 aetate
1334 697 1496 751 scripta
1523 697 1625 751 sint,
1658 697 1954 738 discernantur
1978 720 2026 725 —

344 787 443 812 1111111
477 785 603 824 supra
636 769 873 824 significavi
912 769 1093 809 inveniri
1131 769 1174 809 in
1213 768 1404 822 pleniore
1443 768 1750 809 commentario
1790 781 1897 822 quae
1936 782 2031 809 cum

345 843 507 895 vulgati
540 841 779 882 rationibus
813 842 1103 894 congruerent.
1160 853 1255 880 cum
1287 838 1420 879 sciam
1446 838 1651 879 Ioannem
1677 837 1962 879 Kirchnerum
1987 839 2032 879 in

346 912 544 952 laudandi
588 912 797 952 rationem
848 911 1070 964 utriusque
1116 909 1409 951 commentarii
1448 910 1669 964 propriam
1707 909 1935 964 diligenter
1971 909 2031 950 111-

346 983 569 1037 quisivisse
604 996 780 1036 eumque
813 996 918 1036 quae
957 981 1168 1021 invenerit
1207 995 1302 1021 cum
1341 979 1476 1021 doctis
1515 980 1760 1022 hominibus
1801 980 2031 1021 communi-

347 1056 538 1094 caturum
572 1067 662 1094 esse
689 1067 873 1106 sperem,
905 1052 955 1092 de
988 1051 1067 1092 hac
1098 1066 1143 1092 re
1175 1051 1283 1092 nihil
1317 1051 1501 1105 amplius
1534 1051 1644 1105 dico,
1677 1051 1782 1092 illud
1814 1051 2033 1092 monuisse

348 1125 449 1164 satis
488 1124 643 1177 habeo,
686 1138 779 1164 cum
817 1123 899 1164 loci
945 1122 1293 1164 testimoniorum
1333 1126 1527 1164 accurate
1565 1122 1741 1163 indicati
1783 1122 1886 1176 sint,
1927 1121 2032 1176 ipsis

347 1208 513 1248 quoque
547 1193 802 1234 testimoniis
836 1193 961 1233 fidem
994 1193 1127 1233 videri
1160 1193 1401 1234 habendam
1435 1208 1538 1234 esse.

138 1266 321 1289 ‘'ommenta-

137 1300 173 1323 rii
195 1307 259 1324 cum
284 1299 327 1323 in-

139 1335 258 1359 ferioris
281 1342 327 1358 ae—

154 1371 225 1394 tatis
246 1370 330 1393 libris

155 1405 331 1436 quibusdum

137 1442 343 1465 conseruntur.

468 1264 583 1312 Quae
618 1263 752 1304 adhuc
787 1263 835 1304 de
869 1263 1036 1318 vulgati
1070 1266 1111 1304 et
1137 1264 1342 1317 plenioris
1371 1263 1666 1305 commentarii
1697 1263 1937 1305 rationibus
1971 1278 2039 1304 ex-

349 1335 471 1388 posui
506 1350 554 1375 ea
587 1349 714 1388 quam
747 1349 846 1375 vera
879 1334 964 1374 sint
997 1335 1058 1375 ita
1089 1349 1200 1376 1111110
1233 1335 1353 1376 iuvat
1392 1335 1592 1389 experiri,
1630 1338 1678 1376 ut
1710 1335 1775 1375 illi
1808 1335 2039 1388 scriptores

354 1406 424 1459 qui
457 1405 655 1446 inferiore
689 1407 828 1446 aetate
858 1404 1060 1446 Serviano
1095 1406 1400 1447 commentario
1429 1406 1493 1447 usi
1520 1406 1606 1447 sint
1630 1408 1774 1447 utrum
1801 1406 2040 1447 breviorem

347 1478 514 1516 tantum
549 1490 600 1516 611
635 1476 869 1529 pleniorem
909 1491 1074 1530 quoque
1116 1477 1396 1530 cognoverint
1429 1480 1669 1532 quaeratur.
1720 1481 1768 1519 ut
1807 1478 1860 1519 ab
1900 1491 2040 1533 gram-

349 1547 512 1587 maticis
545 1547 760 1601 incipiam,
794 1545 1113 1601 Cledonium,
1146 1548 1264 1589 cuius
1293 1550 1478 1589 aetatem
1501 1549 1545 1588 in
1578 1549 1726 1602 quinto
1754 1549 1922 1590 saeculo
1943 1547 2041 1589 Κ61-

350 1618 430 1657 lius
465 1617 708 1671 (grammat.
742 1618 815 1659 lat.
847 1618 886 1658 V
919 1634 958 1672 p.
992 1618 1036 1674 8)
1070 1620 1312 1673 constituit,
1350 1634 1371 1660 e
1405 1618 1543 1660 Servii
1581 1620 1625 1660 in
1656 1619 1899 1674 Vergilium
1931 1634 2039 1661 com-

350 1688 557 1729 mentario
591 1688 702 1729 haud
735 1703 870 1742 pauca
902 1689 1115 1731 derivasse
1148 1690 1260 1731 idem
1287 1691 1352 1731 vir
1385 1690 1534 1732 doctus
1570 1688 1615 1745 (l.
1642 1691 1669 1732 l.
1695 1706 1734 1744 p.
1763 1688 1807 1746 7)
1842 1691 2041 1746 ostendit.

350 1758 398 1798 cf.
433 1756 545 1799 Cled.
578 1774 615 1812 p.
650 1759 724 1812 35,
764 1760 819 1799 22
859 1761 900 1799 et
941 1758 1054 1801 Serv.
1095 1761 1147 1802 ad
1186 1760 1290 1802 Aen.
1322 1760 1383 1801 VI
1425 1761 1527 1816 775;
1565 1759 1680 1802 Cled.
1717 1777 1756 1815 p.
1789 1762 1864 1815 40,
1896 1762 1941 1815 4,
1973 1762 2042 1816 22,

350 1830 405 1869 25
439 1833 479 1869 et
513 1828 627 1870 Serv.
668 1830 719 1870 ad
758 1829 862 1871 Aen.
901 1830 965 1871 ΠΙ
998 1831 1073 1884 94,
1114 1831 1133 1871 Ι
1176 1832 1277 1885 149,
1315 1831 1377 1873 ΙΧ
1418 1832 1522 1886 6193
1561 1830 1675 1873 Cled.
1713 1847 1752 1886 p.
1793 1832 1866 1886 61,
1904 1832 1961 1873 32
1999 1836 2042 1873 613

351 1898 465 1940 Serv.
506 1900 556 1940 ad
595 1900 698 1940 Aen.
736 1900 796 1940 IV
837 1901 938 1955 29:33
979 1900 1093 1943 Cled.
1132 1918 1171 1956 p.
1205 1903 1279 1957 65,
1315 1904 1335 1943 1
1378 1905 1419 1944 et
1458 1901 1572 1944 Serv.
1606 1903 1658 1944 ad
1700 1903 1806 1944 Aen.
1844 1902 1864 1943 I
1902 1903 1928 1944 2
1971 1901 2042 1956 ((16

351 1970 496 2011 eadem
530 1985 573 2010 re
607 1970 778 2011 Servius
812 1986 961 2013 comm.
1003 1971 1233 2014 in.Donat.
1275 1989 1316 2027 p.
1348 1974 1451 2028 415,
1484 1974 1538 2014 37
1572 1973 1716 2028 dixit);
1754 1972 1870 2015 Cled.
1902 1990 1942 2028 p.
1975 1974 2042 2028 65,

352 2042 405 2080 :3:³3
439 2040 606 2081 ‘omnes
638 2043 782 2094 partes
816 2042 1045 2097 orationis,
1085 2058 1180 2084 cum
1213 2043 1416 2085 desierint
1455 2058 1546 2085 csse
1591 2045 1702 2099 quod
1742 2047 1858 2099 sunt,
1897 2044 2042 2086 adver-

352 2111 469 2151 bium
502 2110 677 2152 faciunt'
713 2114 753 2152 et
786 2110 900 2153 Serv.
928 2112 979 2153 ad
1000 2113 1105 2154 Aen.
1127 2112 1166 2154 V
1188 2114 1272 2155 603
1307 2114 1487 2155 eetenim
1520 2115 1658 2156 omnis
1690 2130 1790 2169 pars
1824 2116 2042 2167 orationis,

353 2195 447 2222 cum
482 2181 653 2223 desierit
688 2196 777 2222 esse
811 2183 920 2235 quod
954 2186 1037 2237 est,
1069 2184 1114 2224 in
1146 2184 1395 2226 adverbium
1422 2185 1616 2240 migrat'.
1667 2186 1716 2227 cf.
1751 2185 1864 2227 Serv.
1891 2201 2042 2228 comm.

353 2252 395 2291 iu
428 2251 533 2292 Don.
565 2268 604 2305 p.
637 2252 740 2305 439,
767 2253 833 2293 22.
884 2253 989 2295 11660
1020 2255 1154 2308 igitur
1194 2271 1218 2296 a
1252 2253 1399 2297 Servio
1434 2255 1688 2298 Cledonium
1721 2257 1923 2311 petivisse
1955 2272 2043 2299 non

353 2325 417 2362 est
451 2337 522 2362 cur
560 2335 776 2375 negemus.
827 2327 975 2365 contra
1014 2340 1121 2379 quae
1160 2342 1199 2381 p.
1232 2326 1307 2377 40,
1340 2327 1364 2368 8
1406 2329 1447 2368 et
1479 2327 1534 2368 23
1573 2327 1848 2381 proferuntur
1885 2318 1987 2370 num
2022 2343 2043 2369 e

355 2392 569 2433 Servianis
605 2393 656 2433 ad
690 2393 794 2434 Aen.
826 2394 845 2434 I
882 2395 963 2435 703
991 2398 1033 2436 et
1053 2395 1138 2436 VII
1160 2396 1244 2438 568
1278 2397 1454 2438 scholiis
1488 2398 1703 2452 exscripta
1736 2399 1822 2440 sint
1855 2399 2043 2440 dubitari

354 2466 507 2516 potest.
558 2463 736 2518 denique
769 2467 854 2505 tres
877 2464 1070 2506 Clcdonii
1095 2461 1177 2508 loci
1205 2482 1300 2509 cum
1323 2467 1562 2509 Danielinis
1596 2468 1772 2511 scholiis
1805 2469 2043 2523 comparati

356 2536 470 2586 sunt,
504 2534 656 2587 1111111113
690 2550 737 2575 ea
779 2535 884 2575 addo
925 2551 1032 2590 quae
1065 2552 1103 2590 p.
1138 2539 1211 2591 47,
1252 2539 1273 2579 7
1315 2539 1365 2580 (16
1404 2538 1598 2580 ‘domus'
1637 2540 1822 2581 nominis
1862 2540 2045 2581 declina-

354 2604 469 2644 tione
504 2606 808 2658 grannnaticus
843 2605 969 2656 dixit,
1003 2622 1110 2661 quae
1137 2623 1231 2649 cum
1260 2608 1509 2651 Cassellano
1544 2611 1595 2651 ad
1626 2610 1730 2653 Aen.
1763 2610 1805 2651 II
1837 2611 1923 2652 445
1950 2625 2046 2652 0011·

355 2674 511 2714 cinunt.
557 2677 599 2715 at
621 2675 731 2728 quod
752 2690 790 2728 p.
817 2676 896 2730 40,
922 2678 972 2717 15
1010 2677 1278 2732 ‘pampinus’
1312 2682 1550 2722 communis
1571 2682 1739 2735 generis
1768 2696 1859 2723 6336
1884 2681 2044 2723 dictum

356 2747 396 2783 vt
428 2744 547 2785 Accii
582 2748 622 2784 et
656 2745 808 2786 Lucilii
842 2748 1047 2801 exemplis
1082 2751 1381 2792 confirmatum
1424 2754 1488 2793 est
1526 2752 1568 2793 id
1599 2767 1686 2794 11011
1724 2752 1903 2794 debetur
1940 2751 2043 2793 Ver-

357 2815 517 2864 giliano
552 2815 818 2869 scholiastae,
859 2818 1142 2871 11111110οΥ11
1180 2821 1233 2860 58
1268 2821 1510 2875 Vergilium
1548 2824 1774 2877 pampinos
1812 2838 2043 2877 numquam

357 2899 451 2924 «sum
485 2898 640 2937 genere
674 2885 823 2939 dicere,
858 2887 928 2927 sed
961 2887 1202 2930 Varronem
1229 2903 1383 2943 genere
1416 2893 1620 2934 feminino
1653 2893 1716 2934 uti
1749 2893 1882 2934 docet.
1933 2893 2045 2948 quod

358 2954 583 2995 (lledouius
619 2971 656 3008 p.
689 2956 766 3009 43,
812 2959 827 2997 1
879 2956 1104 2999 Cornificio
1147 2959 1273 3001 Gallo
1318 2962 1470 3003 tribuit
1507 2962 1690 3018 Vergilii
1735 2966 2044 3004 commentator

358 3037 501 3075 georg.
540 3026 552 3064 l
596 3028 680 3065 210
719 3042 742 3067 a
789 3028 923 3068 Bavio
969 3032 1010 3069 ct
1052 3028 1218 3071 Maevio
1263 3032 1500 3084 profectum
1548 3049 1639 3075 esse
1683 3036 1879 3075 testatur.
1937 3049 2043 3088 quae

363 3093 637 3135 Floriuceusis
678 3097 726 3136 1111
767 3097 865 3138 Aon.
900 3097 962 3138 ΠΙ
996 3099 1078 3140 286
1121 3099 1169 3139 de
1204 3099 1404 3154 ‘clipeus’
1447 3104 1558 3145 vocis
1598 3118 1751 3158 genere
1790 3103 1921 3144 habet
1958 3103 2041 3145 for-
