2204 3437
348 167 403 209 30
1111 161 1273 198 SERVII

346 277 453 329 quod
481 276 567 317 ideo
598 275 748 316 dieitur
777 273 934 326 fictum,
965 273 1063 324 quia
1093 272 1153 313 sie
1177 271 1351 312 celeriter
1374 269 1562 310 utebatur
1588 268 1632 308 in
1658 267 1812 319 proelio
1842 265 2044 319 manibus,

346 351 393 388 ul
423 347 583 388 tertiam
613 345 756 385 habere
778 346 1009 396 putaretur.

465 417 532 457 42.
588 426 689 456 IPSA
727 414 834 455 bene
871 413 984 467 ipsa3
1030 413 1164 454 dulcis
1202 412 1315 453 enim
1354 413 1418 452 est
1456 408 1633 463 propria
1677 422 1807 448 manu
1851 406 2046 461 quaesita

347 486 552 528 vindicta:
592 485 702 526 unde
734 484 830 538 plus
864 483 981 524 dolet
1011 482 1118 524 Iuno
1151 482 1304 523 alienis
1337 496 1381 522 se
1413 480 1576 521 viribus
1609 478 1710 531 niti,
1741 480 1790 518 ut
1821 476 1947 518 Aeoli
1977 476 2046 517 vel

302 566 321 595 5
348 558 598 610 inferorum,
638 556 748 596 sieut
786 554 881 608 ipsa
918 554 1133 594 flectere
1173 553 1213 594 si
1252 566 1447 606 nequeo
1487 563 1716 603 superos,
1755 547 2046 588 Acheronta

350 628 572 669 movebo.
693 636 901 665 RAPIDVM
933 624 1141 678 velocem,
1174 626 1221 664 ut
1248 626 1313 664 est
1339 637 1446 663 cum
1478 619 1689 674 rapidus
1723 619 1800 659 sol
1831 617 2047 659 nondum

350 698 565 739 hiemem
592 695 856 749 contingit
886 695 1047 750 equis,
1080 695 1176 735 iam
1204 692 1460 747 praeterit
1487 692 1656 732 aestas
1683 689 1788 730 item
1814 687 2047 742 rapidive

350 767 585 822 potentia
620 767 762 809 solis.
885 766 986 817 [secl]
1021 779 1111 807 eum
1150 765 1280 806 Varro
1312 764 1549 805 clii-inarum
1579 761 1718 814 quinto
1749 763 1939 813 quattuor
1969 758 2050 799 (liis

349 839 531 891 fhaelmincz
561 839 761 891 ackiynel,
792 837 898 877 iuter
929 850 1027 888 Quos
1057 839 1095 876 el
1111 835 1342 884 Illineriue,
1374 833 1602 886 quaeritur,
1633 845 1706 872 eur
1725 831 1919 872 illinerva
1938 828 2050 869 Iovis

286 918 326 948 10
349 910 505 962 fulmen
542 909 706 950 miserit.
767 908 929 959 antiqui
965 906 1078 948 Iovis
1113 907 1239 947 solius
1269 906 1519 958 putaverunt
1557 915 1638 944 esse
1675 902 1850 954 fulmen,
1893 913 1964 940 nee
2006 899 2052 939 id

351 994 480 1021 unum
505 993 602 1030 esse,
626 982 674 1020 ul
696 981 895 1020 testantur
913 977 1083 1018 Etrusci
1109 977 1203 1018 libri
1228 977 1274 1017 de
1296 975 1580 1028 fillumaiura,
1606 973 1653 1013 in
1676 972 1820 1025 quibus
1845 969 2051 1012 duodecim

348 1065 497 1104 genera
524 1050 749 1102 fulminum
780 1049 931 1101 scripta
961 1051 1076 1098 sunl,
1112 1049 1173 1088 ita
1208 1050 1255 1088 ut
1284 1049 1342 1087 esi
1370 1046 1483 1087 Iovis
1514 1043 1690 1086 Iunonis
1721 1043 1954 1095 Minervae,
1990 1041 2050 1081 sie

353 1134 506 1173 quoque
548 1120 749 1171 aliorum:
792 1131 891 1159 nam
933 1118 980 1158 cle
1017 1117 1196 1158 'Iunonis
1235 1115 1410 1167 fhclmine
1446 1114 1595 1155 Accius
1637 1114 1699 1155 ait
1731 1111 2052 1166 praefervido

353 1191 551 1244 fulgsore
582 1191 731 1231 ardor
761 1190 971 1230 iniectus
1002 1187 1212 1228 Iunonis
1249 1187 1422 1227 (lextra
1454 1184 1866 1238 inuentiineiclit.
1928 1195 2053 1234 quare

290 1271 332 1301 15
360 1265 445 1302 tum
485 1275 567 1302 non
602 1260 743 1313 posuit
777 1260 1013 1301 illium-vam
1050 1258 1207 1299 misisse
1240 1257 1398 1309 fulmen
1434 1256 1584 1297 suum?
1645 1256 1715 1296 secl
1748 1255 1868 1295 mulli
1904 1254 2055 1306 dicunt,

354 1331 496 1373 habere
520 1332 679 1384 quidem
698 1331 933 1371 Minervam
957 1332 1004 1370 ut
1024 1328 1161 1370 Iovem
1186 1331 1222 1369 et
1245 1327 1446 1368 Iunonem
1474 1326 1649 1378 fulmen,
1680 1326 1750 1367 secl
1780 1339 1863 1366 non
1894 1327 2054 1365 tantum

354 1403 501 1456 valere,
532 1405 579 1441 ul
607 1401 829 1442 vindictam
858 1413 978 1441 suam
1001 1399 1133 1452 possit
1162 1399 1342 1452 implere,
1374 1398 1458 1439 nisi
1487 1411 1564 1438 usa
1592 1399 1691 1439 esset
1714 1395 1827 1437 Iovis
1856 1395 2054 1447 fulmine:

355 1474 461 1514 uncle
497 1473 639 1513 merito
676 1472 859 1524 queritur
890 1470 1014 1523 Iuno,
1052 1470 1304 1518 Illinervam,
1343 1482 1433 1510 eum
1469 1469 1516 1509 de
1551 1481 1719 1509 numero
1755 1467 1962 1507 minorum
2002 1465 2057 1506 sit

355 1544 426 1596 qui
454 1543 611 1595 fulmen
641 1542 802 1592 habent,
834 1555 952 1582 usam
984 1544 1119 1581 tamen
1147 1540 1260 1581 Iovis
1288 1539 1473 1591 fulmine.
1594 1548 1824 1579 IACVLATA
1854 1536 1899 1576 in
1931 1535 2054 1576 libris

290 1624 332 1653 20
359 1614 641 1655 Etruscorum
673 1612 831 1653 lectum
864 1614 929 1652 est
960 1611 1096 1652 iactus
1129 1610 1356 1652 fulminum
1385 1609 1610 1650 manubias
1637 1607 1720 1649 dici
1746 1610 1789 1648 et
1815 1609 1932 1648 certa
1963 1620 2056 1647 esse

358 1685 537 1726 numina
568 1683 834 1738 possidentia
860 1682 1089 1723 fulminum
1115 1682 1270 1735 iactus,
1301 1683 1349 1721 ut
1374 1680 1520 1721 Iovem
1540 1678 1782 1720 Vulcanum
1807 1677 2056 1718 Minervam.
2094 1680 2097 1685 ’

360 1755 590 1797 cavendum
624 1768 725 1808 ergo
759 1756 842 1808 est,
879 1768 931 1794 ne
965 1753 1061 1794 aliis
1093 1752 1175 1793 hoc
1206 1751 1452 1792 numinibus
1486 1751 1646 1792 demus.
1765 1753 1803 1791 el
1833 1747 2056 1790 ‘iaculata’

351 1841 431 1880 pro
450 1827 653 1876 iaculans,
671 1825 943 1878 participium
960 1824 1176 1877 passivum
1195 1837 1272 1876 pro
1291 1823 1431 1863 activo.
1551 1833 1578 1862 Ε
1600 1832 1796 1862 NVBIBVS
1825 1820 2056 1862 secundum

360 1897 562 1951 physicos
597 1896 668 1950 qui
702 1895 849 1936 dicunt
881 1894 1115 1936 conlisione
1147 1893 1326 1934 nubium
1360 1892 1523 1934 fulmen
1555 1892 1702 1933 creari.
1752 1895 1788 1932 el
1817 1892 2058 1945 incliynalur

292 1976 334 2006 25
361 1968 485 2021 Iuno,
517 1968 638 2020 quod,
670 1980 761 2007 eum
792 1965 915 2007 nubes
944 1979 1041 2006 suae
1071 1965 1172 2015 sint,
1196 1964 1357 2016 pariter
1382 1964 1438 2005 eis
1460 1963 1652 2004 Minerva
1677 1976 1725 2004 ae
1744 1962 1857 2004 Iovis
1884 1962 2060 2014 fulmine

359 2052 437 2080 usa
468 2039 539 2088 sit,
571 2051 661 2079 eum
691 2037 768 2078 sibi
798 2039 987 2077 neutrum
1010 2036 1155 2088 prosit.

481 2109 549 2149 43.
609 2124 853 2153 lus-[Emmrlc
886 2107 1055 2159 quidam
1090 2106 1230 2147 volunt
1269 2106 1496 2157 fulminum
1534 2118 1681 2158 yenera
1724 2106 1915 2156 quattuor
1953 2116 2058 2145 esse:

458 2239 477 2268 5
505 2233 666 2278 flectere]
694 2234 735 2267 A.
762 2233 830 2267 VII
856 2238 922 2267 312
949 2235 961 2277 ΙΙ
987 2238 1117 2267 ccum
1142 2232 1309 2277 rapidus]
1337 2243 1461 2277 georg.
1489 2233 1521 2266 II
1547 2236 1612 2266 321
1641 2233 1652 2276 ΙΙ
1680 2236 1697 2265 7
1725 2230 1907 2276 rapidive]
1935 2241 2059 2275 georg.

364 2283 379 2316 I
413 2286 456 2316 92
488 2282 500 2325 11
532 2286 552 2316 8
591 2292 673 2315 cum
705 2280 822 2315 Varro
857 2310 863 2316 .
890 2309 897 2315 .
928 2308 934 2315 .
967 2280 1170 2324 Minervae]
1211 2279 1255 2314 cf.
1287 2280 1390 2314 Luct.
1423 2280 1522 2313 Plac.
1555 2279 1602 2314 ad
1635 2279 1727 2313 Stat.
1755 2278 1869 2312 Theb.
1902 2277 1917 2310 Ι
1950 2281 2018 2311 258
2050 2278 2061 2323 Η

366 2334 407 2363 13
434 2328 582 2373 Accius]
619 2330 712 2371 trag.
745 2328 850 2362 Rom.
882 2327 945 2362 rel.
979 2338 1049 2361 rec.
1076 2326 1183 2361 Ribb.
1218 2339 1252 2371 p.
1280 2331 1348 2361 220
1380 2327 1435 2363 ed.
1463 2327 1505 2360 II.
1533 2328 1544 2370 [Ι
1571 2330 1614 2360 23
1652 2325 1851 2360 secundum
1886 2323 2060 2368 physicos

365 2388 395 2411 e.
417 2388 450 2420 q.
473 2375 517 2420 s.]
545 2376 648 2409 Luct.
675 2374 773 2409 Plac.
802 2374 849 2408 ad
875 2374 967 2408 Stat.
994 2374 1108 2408 Theb.
1138 2374 1152 2407 Ι
1179 2378 1245 2407 258

462 2498 479 2527 1
506 2492 624 2537 prelio
653 2491 747 2536 0113
775 2492 823 2526 acl
847 2503 878 2525 v.
902 2495 944 2525 42
972 2491 1056 2536 Ipsa
1080 2490 1258 2536 iaculata]
1287 2502 1354 2535 pro
1380 2490 1556 2525 iaculans.
1612 2488 1850 2534 participium
1874 2487 2062 2532 passiuum

365 2552 432 2585 pro
459 2540 582 2575 actiuo
609 2539 742 2583 posuit.
792 2550 811 2572 e
830 2538 999 2572 nubibus.
1030 2538 1066 2571 P
1088 2539 1099 2581 ΙΙ
1124 2539 1216 2572 bene
1236 2538 1318 2582 ipsa
1337 2549 1402 2572 om.
1424 2538 1465 2571 Κ
1473 2536 1502 2571 0
1525 2537 1622 2580 (adel.
1647 2535 1704 2579 0⁵³)
1725 2537 1736 2579 ΙΙ
1752 2534 1946 2579 quaesita]
1967 2545 2061 2578 quae

365 2589 446 2632 ipsa
474 2587 504 2621 0
528 2590 631 2629 (corr.
661 2586 719 2628 0²)
740 2587 751 2629 ΙΙ
771 2589 791 2619 4
811 2585 867 2619 uti
888 2586 935 2618 M
954 2585 1038 2629 (niti
1057 2588 1104 2628 m)
1125 2586 1136 2628 ΙΙ
1154 2584 1230 2630 vel]
1258 2587 1299 2619 ut
1318 2585 1360 2618 K
1367 2584 1396 2618 0
1419 2584 1492 2628 (uel
1513 2584 1570 2627 0³)
1589 2585 1601 2627 ΙΙ
1621 2588 1641 2617 8
1662 2583 1869 2616 diuinarum
1889 2581 1940 2615 ΙΙΙ
1962 2582 2062 2615 Iller-

366 2636 478 2669 lcelius
494 2634 611 2678 praef.
635 2634 675 2667 in
697 2632 799 2666 (Ji-id.
820 2633 903 2674 fast.
922 2644 958 2676 p.
977 2631 1088 2665 CXV
1105 2633 1116 2676 ΙΙ
1141 2642 1272 2666 novem
1293 2631 1362 2665 diis
1384 2631 1426 2665 G.
1449 2630 1662 2665 Schweisser
1680 2632 1813 2673 quaest.
1841 2629 1883 2663 (le
1902 2628 2064 2663 Etrusca

367 2682 563 2725 disciplina
583 2683 682 2724 part.
699 2690 737 2722 p.
762 2683 803 2713 17
825 2680 900 2713 coll.
925 2678 1026 2712 Plin.
1054 2683 1129 2712 nat.
1156 2679 1236 2712 hist.
1259 2678 1293 2711 II
1320 2683 1386 2713 138
1406 2679 1418 2722 ΙΙ
1438 2682 1457 2712 9
1485 2677 1648 2722 assignet
1671 2676 1714 2710 02
1732 2677 1744 2720 ΙΙ
1763 2675 1974 2710 minaei-uae
2002 2675 2032 2709 0
2052 2676 2064 2720 Η

370 2733 411 2762 13
437 2726 668 2773 praefervido
690 2726 847 2770 Fulgore
868 2725 976 2760 ardor
995 2725 1144 2759 Iunonis
1166 2725 1292 2759 dextra
1312 2725 1469 2759 iniectus
1489 2724 1633 2769 ingenti
1651 2722 1784 2758 incidit
1801 2723 1982 2767 Berykius
2000 2723 2064 2766 qui

368 2776 464 2809 Attii
486 2775 736 2809 Glutenzestrae
760 2774 846 2808 llaec
870 2773 977 2807 verba
999 2773 1128 2806 tribuit
1165 2772 1303 2815 fulguri
1336 2771 1566 2816 praeferuido
1594 2767 1713 2805 Ardor
1736 2770 1892 2804 iniectus
1918 2768 2065 2803 Iunonis

368 2823 519 2856 dextera
538 2820 679 2866 ingenti
699 2819 830 2854 incidit
846 2819 1063 2854 Ribbeck-ius
1081 2820 1093 2863 11
1115 2823 1157 2852 14
1177 2830 1289 2861 quare
1309 2820 1388 2852 tum
1408 2830 1481 2853 non
1499 2819 1648 2861 scripsi:
1667 2827 1780 2861 quare
1799 2818 1879 2851 tum
1901 2816 1930 2850 0
1951 2826 2063 2859 quare

367 2881 442 2904 non
470 2868 706 2903 Commelinus
736 2869 748 2912 ΙΙ
780 2870 823 2901 18
849 2866 1014 2910 queritur
1042 2866 1086 2899 0²
1112 2867 1163 2900 vel
1191 2866 1250 2899 6¹³:
1291 2865 1480 2908 quaeritur
1507 2864 1537 2899 0
1564 2866 1576 2908 ΙΙ
1607 2869 1651 2899 20
1677 2865 1734 2898 est
1763 2863 1984 2898 rusticorum
2014 2863 2064 2897 le-

369 2918 469 2950 ctum
494 2916 529 2949 B
538 2915 638 2957 KH,
667 2915 741 2949 uisi
766 2915 860 2958 quod
887 2914 924 2947 et
948 2913 990 2946 K
1005 2914 1016 2956 ΙΙ
1036 2912 1205 2946 manibus
1228 2913 1262 2946 B
1288 2912 1480 2946 manuuias
1506 2911 1546 2945 J<
1563 2912 1574 2954 ΙΙ
1599 2913 1642 2945 ut
1667 2911 1790 2945 Iovem
1817 2937 1824 2944 .
1847 2937 1854 2944 .
1877 2937 1884 2943 .
1911 2920 1956 2944 ne
1982 2908 2064 2944 aliis

370 2963 456 3007 hoc]
483 2963 578 2996 inter
604 2972 698 3006 quae
730 2961 841 2996 etiam
872 2961 1039 2994 minema
1073 2961 1129 2993 est
1159 2959 1254 2993 sicut
1279 2970 1389 3003 supra
1415 2959 1554 2993 dictum
1587 2960 1643 2992 est
1668 2957 1872 2992 cauendum
1905 2967 1992 3001 ergo
2018 2966 2064 2990 ne

371 3009 585 3044 confusione
611 3010 681 3043 hoc
707 3007 789 3042 aliis
817 3008 847 3042 0
877 3008 932 3050 (ut
955 3007 1078 3042 iouem
1108 3006 1304 3040 uulcanum
1337 3005 1541 3040 minei-uam
1571 3004 1667 3038 uude
1700 3003 1904 3038 cauendum
1938 3003 1994 3037 est
2019 3013 2064 3037 ne

370 3056 438 3090 hec
465 3055 547 3090 aliis
575 3055 632 3099 0³³>
653 3057 664 3099 ΙΙ
684 3054 905 3099 Vulcanum]
933 3053 1108 3088 Iunonem
1142 3053 1347 3087 Masvtems
1367 3054 1440 3096 1122
1470 3051 1566 3085 uncle
1599 3051 1805 3085 cauendum
1840 3051 1896 3085 est
1928 3049 2023 3083 ΒΜ
2052 3048 2065 3094 ΙΙ

372 3106 415 3137 27
443 3103 491 3137 acl
514 3114 544 3137 v.
564 3107 606 3136 43
628 3101 870 3146 Disiecitque]
898 3100 1093 3135 fulminum
1113 3110 1250 3145 genera
1269 3101 1443 3142 quattuor
1463 3099 1562 3132 sunt:
1583 3109 1695 3131 unum
1721 3097 1820 3141 quod
1846 3096 1937 3131 dicit
1961 3095 2064 3130 dissi-
