2204 3437
538 184 687 219 COMM.
710 185 765 245 ,IN
791 184 932 219 VERG.
960 183 1069 218 AEN.
1096 184 1121 217 I.
1150 186 1344 217 elem-224.
1732 181 1787 221 85

98 294 267 348 poetica
298 308 386 334 nec
417 294 623 334 verbum
656 292 807 333 verbo
847 290 1051 331 curabis
1089 289 1301 330 reddere
1339 288 1474 330 fidus
1512 289 1787 341 interpres3

98 364 290 418 quamvis
329 364 521 418 plerique
560 363 610 404 de
648 361 932 402 translatione
967 359 1224 400 Graecitatis
1265 358 1346 399 hoc
1384 359 1583 399 adserant
1616 358 1788 399 dictum.

97 434 309 475 Homerus
344 449 444 475 sane
477 434 562 474 ista
593 435 865 473 contemnens
907 434 1102 483 tempora
1140 428 1339 469 universa
1370 428 1586 470 describit.
1707 432 1728 455 ’ἒ-

95 523 169 546 Lm
192 522 298 546 fflivls
320 522 423 546 ERAT
450 504 509 545 vel
540 504 752 555 epularum
781 502 840 542 vel
868 501 995 553 famis
1025 500 1084 540 vcl
1109 500 1328 549 malorum,
1360 513 1407 540 ex
1432 513 1509 553 quo
1529 499 1559 538 I
1560 499 1715 550 zwpiter
1745 500 1788 539 in

95 575 201 616 eaelo
232 576 293 616 ita
323 575 514 627 constitit,
545 577 590 614 ut
620 572 794 625 Libyam
825 568 1082 623 respzssce1·et.²³=
1200 581 1292 610 CVM
1325 580 1538 610 IVPPITER
1571 580 1786 609 AETHERE

96 657 252 687 SVMMO
286 656 570 687 DESPICIENS.
627 641 918 684 oeconomiam
950 641 1079 681 istam
1112 639 1341 680 secundum
1375 639 1589 680 mathesin
1621 639 1788 679 videtur

96 715 316 757 ordinasse
347 715 586 770 Vergilius3
617 727 717 754 nam
747 711 847 753 Iove
879 711 924 751 in
958 710 1185 751 altitudine
1219 724 1295 750 sua
1325 709 1468 762 posito
1501 723 1595 749 cum
1622 708 1786 750 Venere

95 786 361 840 significatur
388 785 498 839 quod
530 799 604 838 per
636 783 858 824 mulierem
890 781 1032 835 aliqua
1062 780 1249 821 felicitas
1282 780 1420 833 possit
1455 780 1633 820 evenire.
1684 793 1786 833 ergo

95 857 296 910 quoniam
328 856 496 897 Aeneas
527 855 571 896 in
602 853 920 908 1)01·’ῡο1]1,1’ος111
953 852 1205 893 admittetur
1238 866 1262 891 a
1294 849 1461 890 Didone
1496 865 1571 903 per
1604 850 1787 890 occasio-

94 942 190 968 nem
223 927 430 982 coniugii,
468 926 626 967 idcirco
658 925 764 965 haec
794 926 923 978 poeta
953 922 1188 976 praemisit.
1253 935 1353 961 sane
1387 923 1429 960 et
1460 920 1566 960 illud
1600 920 1786 960 animad-

93 998 343 1039 vertendum
388 997 498 1051 quod
539 995 796 1051 peritissime
841 993 949 1034 dixit
986 992 1222 1034 tristiorem
1260 990 1473 1031 Venerem
1517 991 1647 1030 fuisse
1692 1005 1786 1031 cum

92 1069 210 1122 Iove,
251 1082 301 1109 ex
340 1081 422 1121 quo
462 1066 678 1120 significat
716 1065 877 1106 exitum
916 1063 1059 1104 uxoris
1099 1061 1313 1102 infelicem
1350 1061 1561 1113 futurum3
1604 1076 1703 1101 nam
1743 1076 1785 1102 se

93 1139 240 1193 utique
259 1137 372 1178 Dido
405 1137 635 1178 interemit.
687 1134 799 1190 quod
832 1137 973 1176 autem
1001 1133 1260 1175 Mercurium
1291 1132 1396 1173 facit
1423 1147 1447 1172 a
1472 1131 1572 1172 Iove
1605 1131 1786 1172 defluen-

92 1212 180 1250 tem
214 1208 266 1250 ad
300 1222 494 1249 occasum
526 1206 797 1258 descendere,
829 1205 871 1245 id
904 1208 970 1246 est
1003 1205 1055 1245 ad
1086 1205 1174 1245 ima
1204 1206 1435 1255 terrarum,
1468 1201 1656 1243 ostendit
1683 1203 1785 1242 ami-

89 1280 213 1321 citias
246 1278 417 1333 quidem
448 1277 556 1331 fore,
589 1276 662 1318 sed
693 1276 868 1317 minime
901 1275 1099 1316 diuturno
1133 1277 1325 1328 tempore
1356 1287 1616 1327 permanere.
1678 1273 1784 1313 illud

89 1350 218 1391 etiam
257 1348 552 1389 mathematici
590 1347 752 1400 dicunt,
792 1345 958 1387 Venere
990 1346 1035 1386 in
1067 1344 1246 1398 Virgine
1285 1344 1428 1398 posita
1467 1343 1784 1384 misericordem

87 1420 292 1462 feminam
324 1419 462 1460 nasci:
496 1421 621 1472 atque
653 1418 746 1458 ideo
777 1417 995 1470 Vergilius
1029 1416 1154 1469 fingit
1186 1416 1230 1455 in
1262 1415 1413 1456 habitu
1446 1414 1626 1468 virginis
1660 1429 1784 1455 vena-

88 1492 208 1533 tricis
230 1490 439 1531 Venerem
466 1489 698 1530 occurrisse
724 1489 833 1543 filio,
867 1487 979 1542 quod
1007 1490 1048 1528 et
1075 1486 1393 1528 misericordem
1418 1486 1569 1539 postea
1591 1484 1784 1538 reginam

88 1561 287 1616 probavit
308 1561 472 1601 Aeneas
500 1562 542 1600 et
575 1559 619 1600 in
644 1559 871 1600 venatione
904 1573 998 1599 cum
1032 1573 1082 1598 ea
1112 1557 1349 1610 permixtus
1384 1559 1459 1597 est.
1569 1567 1783 1596 AETHERE

90 1644 245 1675 SVMMO
280 1632 352 1686 qui
379 1645 568 1672 summus
596 1632 676 1683 est,
711 1632 754 1670 et
785 1629 1006 1683 proprium
1038 1631 1075 1669 et
1096 1631 1337 1681 perpetuum
1370 1625 1531 1667 aetheri
1564 1623 1783 1678 epitheton

89 1703 223 1757 dedit,
268 1702 367 1756 quia
406 1701 603 1742 omnibus
643 1700 836 1754 superior
875 1702 956 1740 est:
1000 1712 1082 1740 uon
1124 1712 1213 1751 cryc
1250 1698 1369 1750 quasi
1405 1696 1562 1749 eleyerit
1599 1696 1785 1748 Iuppiter

91 1763 235 1815 locum*
250 1774 320 1826 qui
349 1773 532 1825 superior
562 1774 628 1812 est.

207 1844 303 1885 224.
362 1842 863 1884 DESPICIENs·(leorsum
895 1840 1122 1894 aspiciens,
1164 1838 1271 1879 sicut
1304 1836 1583 1891 ‘suspiciens’
1617 1850 1785 1876 sursum

90 1914 311 1969 aspiciens
372 1914 607 1954 notandum
641 1926 758 1966 sane,
796 1911 896 1966 quia
928 1911 964 1951 si
997 1910 1225 1964 dispiciens
1265 1908 1514 1961 dixerimus,
1554 1908 1786 1962 diligenter

89 1985 309 2039 inquirens
343 1983 652 2038 significamus,
685 1983 795 2023 sicut
827 1982 986 2023 deduco
1020 1983 1062 2022 et
1087 1980 1256 2033 diduc03
1288 1994 1389 2020 nam
1415 1979 1571 2019 deduco
1600 1981 1664 2019 est
1689 1993 1785 2031 pro-

90 2070 261 2110 sequor,
306 2054 456 2096 diduco
494 2069 595 2096 vero
633 2052 788 2094 divido.
908 2063 1175 2093 VELIVOLVM
1214 2050 1317 2091 duas
1356 2064 1423 2090 res
1463 2049 1696 2103 significat,
1743 2052 1785 2090 et

90 2127 201 2181 quod
240 2125 346 2167 velis
387 2125 572 2178 volatur,
617 2126 664 2165 ut
701 2124 782 2166 hoc
819 2124 931 2175 loco,
976 2126 1018 2164 et
1056 2122 1168 2177 quod
1208 2123 1313 2164 velis
1353 2121 1490 2174 volat,
1534 2123 1582 2161 ut
1619 2120 1783 2161 Ennius

89 2211 243 2238 naves
271 2196 541 2250 velivolas,
563 2195 635 2250 qui
656 2197 698 2235 et
717 2194 888 2248 proprie
911 2194 1029 2234 dixit.
1069 2196 1111 2234 et
1131 2196 1195 2234 est
1215 2193 1299 2234 ista
1319 2192 1537 2245 reciproca
1557 2190 1783 2231 translatio

89 2268 263 2309 navium
296 2269 338 2308 et
371 2267 524 2308 avium.
585 2266 769 2320 legimus
802 2265 915 2305 enim
949 2267 996 2304 et
1035 2264 1261 2305 velorum
1300 2261 1566 2316 pandimus
1600 2261 1709 2301 alas
1743 2267 1784 2300 et

90 2341 238 2380 contra
269 2338 318 2378 de
352 2338 501 2391 apibus
534 2350 654 2377 nare
686 2350 772 2388 per
804 2336 1053 2375 aestatem
1084 2333 1352 2388 liquidam,
1385 2346 1477 2373 cum
1503 2333 1677 2372 natatus
1712 2346 1783 2371 na-

186 2506 229 2535 23
255 2513 456 2535 DESPICIENS
482 2499 651 2533 deorsum
677 2497 874 2542 aspiciens]
910 2496 992 2530 [sid.
1019 2507 1068 2531 or.
1095 2496 1128 2529 X
1150 2500 1192 2530 76
1219 2496 1256 2529 et
1281 2494 1357 2528 diff.
1385 2493 1482 2527 verb.
1511 2497 1551 2527 21
1585 2494 1596 2537 ΙΙ
1629 2498 1670 2526 25
1698 2504 1784 2526 nam

91 2548 232 2583 deduco
262 2577 267 2582 .
296 2575 303 2581 .
331 2576 338 2583 .
366 2546 507 2592 divido]
547 2546 631 2581 Isid.
665 2545 739 2579 diff.
767 2544 865 2579 verb.
896 2547 959 2577 1513
997 2544 1008 2587 ΙΙ
1046 2547 1087 2576 27
1122 2541 1276 2587 Ennius]
1316 2543 1408 2585 trag.
1435 2541 1499 2575 rel.
1527 2553 1561 2584 p.
1590 2540 1651 2573 242
1678 2539 1782 2574 [tibh.

91 2599 218 2678 330er3
243 2595 362 2677 kihss)
382 2594 425 2629 cf.
452 2593 614 2628 Macrob.
642 2592 717 2627 Sat.
745 2592 794 2626 VI
821 2596 853 2635 5,
883 2595 923 2624 10
949 2591 961 2634 ΙΙ
986 2594 1029 2624 29
1058 2592 1094 2624 et
1118 2589 1298 2633 velorum]
1328 2590 1368 2622 A.
1397 2588 1446 2622 ΠΙ
1474 2592 1540 2621 520
1566 2588 1577 2631 Η
1608 2591 1651 2621 30
1678 2586 1783 2631 nare]

91 2670 112 2687 ο
182 2654 215 2687 g·

190 2801 205 2829 1
234 2795 359 2829 curaui
384 2794 418 2828 L
444 2796 547 2835 (corr.
574 2795 599 2837 l)
618 2794 630 2837 ΙΙ
656 2798 674 2826 3
704 2793 967 2835 contempnens
995 2789 1167 2824 OLHM
1184 2789 1195 2832 ΙΙ
1220 2788 1415 2823 desei-ibsit
1439 2788 1516 2821 Kc
1538 2789 1549 2830 ΙΙ
1575 2790 1594 2819 8
1622 2785 1785 2829 aliquam

93 2843 136 2876 H
142 2843 189 2876 M
196 2844 207 2876 l
225 2844 237 2887 ΙΙ
257 2846 276 2876 9
303 2841 561 2876 admitteretur
582 2842 611 2875 0
627 2842 639 2884 ΙΙ
662 2844 702 2873 10
730 2841 767 2873 et
792 2850 856 2874 om.
879 2839 918 2871 K
926 2838 954 2872 0
971 2838 982 2881 ΙΙ
1005 2841 1045 2871 13
1072 2835 1253 2870 interimit
1277 2836 1312 2869 Κ
1329 2837 1341 2879 ΙΙ
1361 2835 1465 2879 facit]
1495 2833 1583 2867 dicit
1610 2843 1784 2875 superscr.

95 2889 138 2924 03
157 2891 168 2934 ΙΙ
188 2890 234 2924 ab
253 2889 335 2923 ioue
358 2889 414 2933 011
434 2888 629 2923 deflentem
650 2887 684 2920 B
718 2886 892 2920 fluentem
914 2885 944 2920 0
971 2884 1154 2918 defluente
1176 2884 1215 2916 K
1231 2885 1243 2927 ΙΙ
1265 2886 1304 2916 15
1333 2882 1461 2916 diurno
1485 2882 1531 2913 M
1548 2882 1559 2924 ΙΙ
1583 2885 1622 2912 10
1651 2880 1785 2926 lectum

94 2938 149 2970 est
172 2936 247 2971 BG
288 2935 556 2979 (mathematici
590 2934 718 2968 dicunt
744 2932 802 2976 C3)
833 2934 845 2976 ΙΙ
883 2937 925 2967 16
952 2933 1121 2973 uenere}
1152 2930 1181 2965 0
1222 2940 1392 2964 uenerem
1420 2928 1451 2961 L
1482 2928 1493 2971 1Ι
1531 2927 1689 2970 positam
1718 2925 1774 2969 Li

94 2987 137 3017 23
164 2984 213 3018 ad
236 2994 266 3017 v.
295 2987 362 3017 224
395 2982 623 3026 Despiciens]
663 2981 831 3015 deorsum
864 2978 1063 3023 aspiciens,
1098 2978 1193 3012 sicut
1225 2975 1426 3019 suspiciens
1459 2985 1598 3007 sursum
1633 2973 1784 3015 (susum)

94 3030 284 3074 aspiciens.
334 3029 561 3073 Veliuolum]
589 3028 685 3071 quod
711 3026 803 3061 uelis
828 3026 983 3061 uolatur.
1035 3027 1072 3059 et
1097 3025 1152 3059 est
1177 3024 1365 3066 reciproca
1392 3020 1609 3064 metaphora
1634 3019 1783 3054 nauium

96 3077 133 3110 et
159 3076 293 3110 auium.
323 3077 358 3110 P
373 3077 385 3121 ΙΙ
405 3081 447 3110 27
474 3076 620 3110 volatur
645 3075 682 3108 id
709 3074 764 3108 est
788 3074 993 3107 transeatur
1014 3071 1212 3106 Fabricius
1231 3072 1242 3114 ΙΙ
1262 3073 1305 3104 28
1332 3068 1462 3102 uanius
1483 3067 1513 3101 0
1543 3070 1669 3112 (naues
1690 3065 1748 3110 02)

96 3123 174 3167 qui]
201 3123 298 3166 quod
325 3124 529 3158 Μα-ετίοιάε
553 3123 564 3165 ΙΙ
596 3126 640 3156 30
667 3120 796 3155 auibus
824 3120 906 3153 LH
929 3121 1032 3164 (corr.
1060 3120 1085 3162 l)

1743 446 1792 469 ET

1817 929 1857 958 10

1811 1985 1854 2015 25

1811 2339 1830 2367 3
1835 2339 1855 2366 0
