2204 3437
554 198 703 234 COMM.
730 199 781 233 IN
807 197 947 233 VERG.
974 197 1083 232 AEN.
1110 197 1169 232 IV.
1198 201 1394 232 656—674.
1731 197 1815 238 575)

249 308 345 349 661.
396 319 599 349 HAVRIAT
632 318 756 349 HVNG
784 318 948 349 OCVLIS
975 316 1123 347 IGNEM
1151 308 1224 347 aut
1251 305 1392 347 videat
1419 306 1563 348 omina
1589 308 1818 361 tempesta-

131 379 188 421 tis
214 379 394 432 futurae,
425 379 523 432 quia
553 378 839 430 nave'yantibus
863 378 1019 419 malum
1051 390 1164 419 omen
1189 380 1256 426 est,
1281 377 1318 418 si
1342 378 1494 430 royalis
1518 377 1689 430 flamma
1713 378 1817 419 vide-

131 454 218 492 tur:
251 451 325 491 aut
357 452 471 491 certe
504 449 745 491 satisfaoiat
776 463 876 491 suae
909 448 1161 491 crudelitati.
1266 467 1316 491 AB
1342 466 1437 491 Airo
1467 463 1494 489 a
1525 450 1644 490 mari.

249 521 345 563 662.
394 537 602 563 amomis
635 534 709 573 pro
740 519 1008 562 Dardanius:
1042 520 1219 561 Plautus
1248 523 1394 561 natus
1424 521 1574 574 Aryis
1605 534 1658 562 ex
1689 521 1822 574 Aryo

123 595 290 646 patre:
322 593 381 634 vel
411 593 518 645 quod
548 592 629 644 ipse
658 592 819 633 Aeneas
849 595 943 633 ante
972 592 1201 633 Dardanus
1231 592 1360 633 dictus
1392 595 1458 634 est.
1580 609 1629 633 ET
1656 608 1825 633 nosram:
1850 599 1869 628 5

133 681 258 706 snctzu
283 681 410 706 FERAT
434 680 551 705 ommi
579 680 718 705 amans
752 666 798 704 nt
837 663 999 704 Aeneas
1038 676 1190 715 quoqne
1221 676 1298 715 per
1337 663 1419 703 vini
1459 663 1662 704 maturius
1702 663 1822 704 obeat.

133 738 169 775 ei
211 735 303 776 bene
347 735 531 786 infausta
574 735 712 775 omnia
754 735 989 788 infflecatnr
1031 735 1085 784 ei,
1129 734 1227 786 qnia
1270 734 1326 775 ad
1366 735 1460 775 novi
1496 735 1610 787 reyni
1639 734 1824 788 auspicia

123 809 328 858 properat.

251 876 347 918 663.
397 889 536 918 INTER
567 888 703 918 TALIA
736 891 809 931 per
842 876 959 931 talia,
991 879 1037 918 ut
1069 876 1179 930 <VII
1212 877 1296 930 30>
1329 877 1458 918 hune
1489 876 1624 918 inter
1655 877 1822 919 fluvio

133 947 407 989 Tiberinus
441 963 659 990 amoeno.
1853 952 1894 983 10

252 1019 348 1061 664.
399 1037 623 1062 CONLAPSAM
646 1037 849 1062 ASPICJVNT
881 1033 964 1060 non
994 1020 1158 1061 induxit
1188 1020 1424 1061 occidentem
1461 1034 1519 1070 se,
1558 1020 1629 1062 sed
1657 1021 1827 1062 ostendit

133 1092 313 1133 occisam.
363 1095 399 1133 ei
428 1091 498 1133 hoe
529 1093 677 1146 trayico
706 1091 801 1144 fecii
831 1091 1025 1145 exemplo,
1062 1092 1175 1143 apud
1210 1105 1308 1144 quos
1338 1105 1421 1133 non
1451 1092 1607 1133 videtur
1637 1092 1824 1144 quemad-

134 1163 297 1204 modum
326 1163 375 1216 fit
404 1163 548 1213 caedes,
579 1163 648 1204 sed
673 1162 787 1214 faeta
817 1164 1027 1202 narratur.

252 1233 350 1275 665.
400 1245 688 1283 SPARSASQVE
719 1244 874 1275 MANVS
907 1235 980 1275 aut
1011 1233 1205 1288 perfusas
1239 1232 1463 1288 sanguine:
1497 1236 1570 1275 aut
1603 1236 1740 1275 morte
1765 1249 1826 1276 re-

135 1305 309 1347 solutas.
1855 1308 1895 1339 15

253 1377 348 1418 667.
399 1389 602 1419 FEMINEO
637 1389 852 1419 VLVLATV
884 1375 1057 1431 proprio
1090 1375 1357 1418 feminarum.
1413 1374 1620 1418 Horatius
1653 1380 1703 1419 et
1734 1377 1828 1418 illa

134 1462 231 1489 non
264 1448 439 1490 virilis
473 1449 703 1491 eiulatio.

253 1520 350 1561 670.
400 1532 607 1571 ANTIQVA
639 1531 785 1562 TYROS
818 1520 885 1561 vel
911 1519 1098 1561 nobilem
1125 1518 1248 1560 dicit:
1276 1518 1342 1560 vel
1370 1518 1476 1560 illud
1503 1519 1702 1573 ostendit,
1728 1520 1828 1574 quia

135 1588 353 1646 Carthago
387 1594 485 1633 ante
517 1591 669 1646 Byrsa,
700 1595 798 1646 post
828 1590 965 1645 Tyros
999 1590 1112 1631 dieta
1138 1592 1214 1643 est,
1246 1592 1344 1643 post
1371 1589 1588 1645 Carthago
1616 1606 1640 1631 a
1667 1589 1828 1632 Cartha

134 1661 307 1715 oppido,
342 1662 452 1703 unde
485 1662 567 1704 fuit
598 1662 720 1716 Dido,
755 1663 866 1705 inter
898 1661 1043 1716 Tyron
1077 1663 1119 1703 et
1151 1661 1354 1716 Beryton.
1853 1665 1898 1695 20

253 1733 350 1775 672.
400 1746 562 1776 AVDIIT
596 1746 818 1777 EXANIMIS
856 1735 902 1776 id
937 1737 994 1775 est
1024 1733 1193 1775 territa:
1239 1747 1339 1774 nam
1384 1734 1431 1774 ut
1475 1746 1603 1786 snpra
1645 1733 1827 1775 diximus

138 1803 186 1857 <Ι
218 1805 331 1858 484>
366 1804 676 1847 ‘exanimatus'
710 1807 902 1847 mortuus
935 1807 1011 1847 est.

255 1876 351 1918 673.
403 1888 493 1919 ORA
526 1868 674 1919 SOROR
706 1889 915 1919 FOEDANS
949 1878 1189 1930 cruentans,
1220 1875 1425 1930 sanguine
1456 1875 1645 1917 foedans.

255 1947 352 1988 674.
402 1960 580 1990 NOMINE
614 1959 798 1990 CLAMAT
832 1950 906 1990 aut
937 1946 1148 1989 Didonem
1180 1949 1317 2001 vocat,
1348 1950 1396 1988 ut
1428 1962 1554 2001 supra
1587 1946 1698 2000 <35>
1725 1946 1830 1987 dixi-

138 2031 243 2071 mus,
275 2019 514 2061 Poenorum
546 2020 694 2074 lingua
725 2020 981 2074 viraginem:
1013 2034 1113 2061 nam
1143 2018 1287 2060 Elissa
1319 2018 1432 2060 dieta
1464 2021 1549 2072 est3
1581 2018 1654 2060 sed
1679 2019 1828 2074 virago
1855 2020 1899 2051 25

1414 2088 1424 2106 C

140 2094 204 2133 est
235 2094 403 2144 vocata,
444 2106 538 2133 cum
572 2106 615 2132 se
648 2091 692 2132 in
724 2091 866 2145 ignem
909 2090 1222 2145 praecipitavit.
1295 2092 1370 2130 aut
1433 2089 1605 2130 nomine
1650 2088 1828 2131 elamat'

136 2163 349 2204 nominat:
387 2163 498 2204 sieut
536 2165 578 2204 et
610 2161 821 2204 Homerus
854 2161 956 2204 dicit
988 2162 1034 2202 ἔκ
1064 2156 1102 2202 τ’
1139 2156 1366 2215 ὀνόμαζεν.
1399 2161 1541 2213 [sexies
1570 2161 1826 2211 nominabat]

231 2272 252 2301 4
278 2267 448 2312 Plautus]
478 2267 659 2312 Amphitr.
686 2266 778 2310 prol.
805 2270 848 2301 98
869 2267 880 2310 ΙΙ
901 2271 943 2300 16
970 2265 1163 2311 Horatius]
1192 2276 1247 2310 ep.
1275 2265 1307 2299 X
1335 2269 1376 2300 17
1396 2267 1408 2309 ΙΙ
1435 2268 1476 2299 18
1505 2265 1564 2299 vel
1591 2264 1683 2299 illud
1710 2265 1828 2299 osten-

138 2314 194 2349 dit
219 2326 249 2351 e.
270 2327 304 2358 q.
326 2315 370 2361 s.]
397 2314 441 2350 ef.
468 2314 552 2348 Isid.
580 2326 630 2349 or.
652 2314 718 2348 XV
742 2319 770 2357 1,
786 2318 830 2348 30
850 2315 861 2358 ΙΙ
881 2318 924 2348 22
952 2312 1181 2349 exanimatus
1207 2315 1373 2348 mortuus
1400 2312 1471 2358 est]
1499 2312 1543 2347 cf.
1565 2311 1657 2347 Don.
1680 2312 1726 2347 ad
1746 2312 1826 2346 Ter.

139 2362 250 2396 Andr.
278 2362 293 2396 I
320 2367 352 2406 4,
380 2366 410 2398 7.
449 2363 528 2397 hec.
554 2362 605 2396 ΙΙΙ
631 2366 662 2405 3,
689 2365 711 2396 4

236 2461 251 2491 1
282 2456 406 2492 omnia
430 2456 519 2491 FH
533 2456 546 2501 ΙΙ
565 2460 584 2491 2
611 2455 699 2500 quia
720 2484 749 2491 ..
767 2484 773 2491 .
794 2455 965 2491 videatur
989 2456 1066 2498 (sie)
1092 2455 1205 2490 edidit
1229 2455 1432 2499 Stephanus
1451 2455 1464 2499 ΙΙ
1483 2459 1502 2489 3
1529 2454 1618 2489 satis
1643 2453 1733 2489 facit
1754 2454 1801 2487 M
1819 2453 1829 2499 [1

139 2509 159 2539 4
186 2505 234 2539 ad
259 2503 452 2539 Dardanus
478 2515 577 2547 supr.
603 2514 689 2538 vers.
717 2514 782 2548 pro
810 2531 816 2538 .
845 2532 852 2538 .
880 2531 886 2537 .
915 2502 1035 2537 dietus
1061 2504 1116 2537 est
1145 2503 1176 2536 T
1193 2504 1205 2547 ΙΙ
1230 2503 1397 2547 plaustus
1424 2502 1462 2536 F
1479 2504 1490 2545 ΙΙ
1515 2501 1640 2547 Argis]
1666 2500 1765 2544 argis
1792 2501 1828 2534 id

138 2553 194 2586 est
221 2552 254 2585 T
269 2552 281 2596 ΙΙ
308 2556 327 2587 6
354 2551 424 2586 oia
451 2551 490 2585 F
505 2552 516 2595 ΙΙ
543 2556 561 2586 7
588 2551 727 2597 omnia]
755 2550 839 2585 ofna
865 2550 905 2584 F
919 2551 931 2595 ΙΙ
956 2550 1057 2595 quia]
1086 2550 1147 2594 qui
1174 2550 1311 2585 Daniel
1334 2550 1474 2593 primus
1492 2550 1504 2593 ΙΙ
1533 2553 1552 2583 9
1578 2548 1675 2582 inter
1701 2547 1827 2592 fluviol

137 2598 317 2634 interfluit
343 2600 408 2634 Ml
444 2601 456 2644 ΙΙ
495 2603 536 2633 10
573 2609 729 2634 amoena
755 2598 849 2632 FM
883 2599 894 2641 ΙΙ
933 2602 972 2632 11
1000 2598 1172 2632 scholium
1203 2598 1251 2632 ad
1281 2609 1313 2631 v.
1341 2601 1408 2631 664
1442 2598 1481 2631 in
1512 2607 1623 2640 mars).
1651 2596 1731 2630 hab.
1762 2595 1794 2628 T
1818 2620 1826 2638 m

210 2667 240 2684 ln

140 2699 161 2727 N'
187 2692 330 2727 induxit
355 2693 394 2727 F
418 2692 471 2737 (in
495 2703 670 2737 superscr.
697 2693 774 2727 ead.
801 2694 911 2735 man.)
936 2694 948 2737 ΙΙ
972 2691 1133 2737 induxit]
1161 2691 1265 2726 illam
1292 2692 1374 2726 add.
1406 2691 1438 2725 T
1460 2693 1471 2735 ΙΙ
1502 2696 1542 2725 12
1570 2689 1730 2725 occisum
1757 2689 1796 2723 F
1818 2688 1830 2733 Η

140 2740 226 2786 1100]
254 2752 297 2775 00
324 2740 390 2785 Fss
418 2744 459 2775 16
486 2753 671 2775 nvaLATv
699 2740 738 2774 F
771 2753 887 2774 vvvrv
916 2740 972 2785 Cu
997 2739 1144 2783 proprie
1170 2750 1212 2773 eoe
1239 2738 1387 2782 proprio
1414 2739 1446 2772 L
1465 2740 1477 2782 H
1502 2737 1584 2783 illa]
1610 2737 1665 2771 illi
1692 2736 1730 2771 F
1746 2738 1757 2780 ΙΙ
1787 2740 1827 2770 17

140 2799 213 2822 non
240 2798 304 2823 om.
326 2788 371 2829 L,
396 2799 494 2831 supr.
515 2799 601 2822 vers.
625 2788 707 2823 add.
729 2788 741 2822 l
760 2789 771 2832 ΙΙ
790 2787 969 2822 heiulatio
991 2787 1030 2822 F
1036 2786 1065 2821 G
1080 2788 1091 2826 ΙΙ
1115 2790 1155 2820 19
1175 2787 1286 2820 antea
1307 2786 1336 2820 C
1352 2787 1364 2830 ΙΙ
1383 2787 1484 2820 carta
1505 2784 1588 2819 FN
1594 2785 1627 2818 L
1637 2784 1679 2818 H
1701 2783 1830 2818 cartha

143 2834 173 2869 C
181 2836 236 2869 M.
284 2836 326 2877 cf.
355 2836 475 2870 adnot.
503 2835 580 2869 erit.
608 2836 657 2869 acl
682 2835 762 2869 Aen
800 2836 813 2868 Ι
840 2838 924 2877 343,
959 2835 1023 2869 ubi
1055 2833 1094 2868 F
1097 2834 1303 2868 loriacensis
1334 2834 1552 2874 scripturam
1579 2843 1646 2876 per
1677 2842 1830 2865 errorem

140 2893 213 2917 non
237 2886 326 2917 recte
351 2883 493 2916 enotavi
517 2884 529 2926 ΙΙ
561 2886 604 2916 20
638 2882 765 2926 tyrone
792 2882 883 2915 NH
922 2883 1044 2926 tyrum
1072 2881 1104 2915 L
1127 2883 1139 2926 Η
1164 2881 1318 2924 beryton
1343 2880 1448 2914 NH:
1480 2878 1630 2913 biritlon
1658 2878 1697 2912 F
1732 2877 1828 2922 byri—

143 2930 208 2964 ton
234 2929 264 2963 0
299 2929 442 2964 beriton
468 2930 502 2964 L
540 2929 687 2973 pyriton
717 2930 763 2963 M
798 2931 810 2973 ΙΙ
847 2933 888 2963 21
917 2928 954 2962 id
981 2930 1037 2963 est
1066 2929 1145 2963 hab.
1176 2928 1205 2962 O
1238 2928 1250 2971 11
1288 2938 1397 2971 supra
1427 2927 1506 2961 hab.
1538 2926 1583 2960 M
1619 2927 1630 2970 ΙΙ
1670 2924 1744 2959 dixi
1772 2925 1827 2959 M.

144 2980 294 3011 ceterum
319 2977 413 3021 quod
438 2977 486 3011 ad
506 2977 593 3010 Aen.
617 2976 715 3011 1484
741 2976 889 3011 Servius
909 2977 1092 3020 praecepit
1116 2976 1201 3010 huie
1225 2975 1450 3008 contrarium
1469 2977 1526 3009 est.
1548 2975 1560 3017 ΙΙ
1579 2977 1623 3007 23
1645 2986 1775 3007 vanans
1794 2971 1833 3006 F

145 3035 275 3058 snnAxs
301 3024 345 3058 H
376 3025 388 3068 ΙΙ
426 3024 603 3068 sanguine
634 3023 804 3067 foedans]
839 3024 879 3057 ut
910 3023 1085 3068 sanguine
1116 3022 1327 3057 foedantem
1355 3020 1435 3055 FC.
1482 3021 1526 3064 cf.
1553 3022 1642 3055 Aen.
1669 3020 1701 3054 II
1728 3023 1794 3054 502
1819 3019 1830 3067 ΙΙ

142 3070 271 3105 sedans
296 3071 386 3105 NH
409 3073 421 3115 ΙΙ
452 3075 495 3106 25
523 3070 631 3105 elista
656 3070 696 3105 F
723 3072 735 3114 ss
766 3075 809 3105 26
837 3070 1002 3105 uocitata
1029 3070 1060 3105 C'
1083 3072 1095 3113 ΙΙ
1125 3070 1203 3104 mat
1228 3069 1258 3110 (e
1287 3068 1464 3112 ‘clamat')
1493 3094 1499 3100 .
1528 3096 1534 3102 .
1563 3095 1570 3101 .
1598 3068 1640 3101 ut
1664 3078 1728 3101 om.
1756 3067 1799 3101 H
1820 3071 1828 3109 <1

145 3121 187 3153 27
214 3118 384 3153 homeres
412 3117 442 3153 G
468 3119 480 3162 11
511 3117 604 3152 dixit
629 3118 662 3151 L
686 3118 698 3161 ΙΙ
729 3128 995 3152 εκτοοΝοΜαῑεΝ
1024 3117 1100 3152 FC'
1133 3126 1330 3151 εκΤοΜᾱΖεΝ
1356 3115 1399 3149 Ν
1432 3127 1679 3151 ΕκτυΝοΜΑΖΕΝ
1707 3115 1738 3148 L
1750 3114 1795 3148 M
1819 3113 1830 3158 Γ

147 3164 262 3200 sexies
286 3166 503 3200 nominabat
526 3166 606 3200 hab.
635 3164 663 3200 0
687 3168 718 3199 et
743 3165 855 3200 edidit
881 3165 1083 3210 Stephanus
1102 3166 1114 3209 ΙΙ
1134 3174 1257 3198 sexees
1285 3162 1324 3196 F
