2204 3437
573 204 721 240 COMM.
748 205 800 240 IN
825 205 968 240 Vnae.
995 204 1104 239 AEN.
1132 205 1192 241 IV.
1223 209 1417 242 171—182.
1751 208 1836 249 495

143 312 349 353 ultionem
380 314 499 354 nata:
532 326 630 354 nani
653 327 730 366 per
762 315 893 367 ipsam
917 327 1054 355 eorum
1080 314 1257 355 crimina
1281 316 1449 367 vulyata
1473 320 1589 357 sunt:
1623 319 1696 358 aut
1730 319 1841 358 certe

144 381 376 424 eextrema'
408 384 615 437 pessima:
655 400 800 427 omnes
834 385 964 439 enim,
1004 385 1076 439 qui
1116 384 1165 426 de
1205 385 1414 427 medicina
1451 389 1656 440 tractant,
1696 388 1842 429 dicunt

141 453 337 494 naturale
372 467 475 508 esse,
508 458 556 496 ut
587 455 829 497 inutiliores
857 456 941 497 sint
973 455 1045 510 qui
1071 456 1303 496 nascuntur
1328 455 1484 497 ultimi.
1539 457 1719 499 Famam
1750 472 1840 511 erqo

141 525 299 565 inducit
335 525 465 566 ultam
503 538 584 567 esse
619 527 786 580 fratres,
824 527 921 579 quia
959 527 1050 579 ipsa
1089 527 1253 567 deorum
1291 527 1436 568 delicta
1471 528 1661 581 vulyavit.
1782 541 1839 570 VT

141 607 402 637 PERHIBENT
449 596 825 652 quotienscumque
869 597 1115 638 fabulosum
1160 596 1323 651 aliquid
1368 597 1490 651 dicit,
1536 598 1647 640 solet
1684 599 1839 641 inferre

141 665 278 707 ‘fama
310 666 408 708 est'.
470 668 576 708 mire
609 681 710 722 ergo
742 667 880 721 modo,
912 682 1008 708 cum
1041 667 1091 708 de
1124 667 1219 720 ipsa
1250 667 1367 708 fama
1393 668 1650 723 loqueretur,
1684 670 1745 711 ait
1779 670 1841 712 ‘ut

139 737 398 791 perhibent'.
528 755 618 779 cono
650 755 928 784 ENCFLADOQVE
962 738 1033 779 isa·
1059 739 1244 791 gyiyantes
1272 738 1442 789 fuerunt
1477 740 1583 781 inter
1619 740 1738 794 alios,
1770 743 1842 794 qm?

139 808 277 849 Iovem
308 809 568 862 superpositis
599 809 802 850 montibus
832 822 952 862 reyno
984 810 1144 850 caelesti
1175 810 1382 851 detrudere
1412 812 1565 864 conati,
1594 812 1841 863 fulminibus

139 882 237 920 sunt
266 879 392 920 deleti.
442 883 479 921 et
503 880 596 921 bene
620 880 735 932 eleyit
752 893 799 920 ea‘
823 879 1024 931 fratribus
1057 881 1275 930 maximos,
1307 894 1354 922 ex
1377 881 1522 933 quibus
1547 883 1840 925 aestinmrctur.

257 950 351 992 180.
401 963 593 993 PEDIssvs
635 962 852 993 CELEREM
896 962 954 991 ET
994 962 1264 992 PERNIOIBVS
1304 962 1406 993 ALis
1447 953 1657 994 convertit
1696 968 1835 996 rerum

140 1021 345 1074 epitheta:
378 1036 479 1062 nam
507 1021 699 1077 ‘pernix'
731 1021 887 1075 pedum
922 1024 1003 1075 est,
1030 1024 1076 1062 ut
1103 1021 1190 1075 <XI
1220 1022 1331 1075 718>
1363 1023 1656 1076 pernicibus
1690 1024 1839 1079 ignea

138 1092 352 1146 plantis⁷
397 1093 592 1134 celeritas
636 1108 875 1147 pennarum
921 1095 1003 1146 6613,
1042 1095 1090 1133 ut
1127 1091 1218 1146 <III
1258 1093 1370 1146 243>
1415 1094 1671 1148 celerique
1717 1095 1838 1151 fuga

139 1162 227 1203 sub
267 1163 437 1205 Sidera
475 1164 661 1217 lapsae.
729 1167 803 1205 aut
832 1167 932 1205 certe
968 1163 1136 1205 intentio
1179 1163 1433 1206 describentis
1476 1167 1553 1206 est:
1590 1179 1838 1219 supervacua

138 1234 245 1275 6111111
276 1237 334 1275 est
363 1234 454 1276 alas
478 1234 640 1276 habenti
663 1236 815 1288 pedum
839 1235 1087 1288 pernicitas:
1127 1238 1201 1275 aut
1229 1235 1287 1276 sie
1318 1235 1497 1289 intelleye
1529 1235 1714 1289 ‘pedibus
1744 1239 1835 1280 ecle—

138 1318 222 1345 rcni
253 1308 290 1346 et
319 1305 399 1347 alis‘
429 1305 653 1348 uelocibus?

258 1376 351 1417 181.
401 1393 615 1419 MONSTRVM
642 1377 734 1419 bene
765 1378 1009 1430 vituperavit
1037 1377 1218 1419 Famam
1250 1391 1299 1419 ea:
1330 1378 1597 1420 accidentibus
1628 1393 1835 1445 personae,

136 1461 208 1500 per
230 1450 423 1500 parentes
453 1448 583 1490 malos
614 1451 651 1490 et
677 1449 850 1500 finires:
883 1452 920 1490 et
948 1450 1057 1501 quod
1084 1462 1173 1490 cani
1203 1449 1406 1503 describit,
1436 1463 1519 1490 non
1550 1453 1606 1491 est
1636 1454 1835 1503 narratio,

135 1519 205 1559 sed
233 1519 542 1571 (cryetmentac'io.
602 1520 747 1572 quidni
778 1523 1016 1570 monstruni,
1048 1533 1150 1572 quae
1188 1520 1311 1562 liuius
1347 1524 1522 1562 naturae
1553 1522 1623 1572 sit,
1661 1526 1707 1564 ut
1741 1528 1837 1576 quot

128 1589 307 1642 plumas,
340 1592 396 1630 tot
426 1589 569 1640 oculos,
596 1593 653 1631 tot
677 1591 851 1644 linquas,
879 1594 934 1632 tot
958 1604 1079 1632 aures
1103 1594 1139 1632 ei
1163 1591 1321 1632 cetera?
1415 1603 1538 1642 QVOT
1573 1603 1691 1633 SVNT
1726 1605 1833 1635 COR-

136 1671 255 1702 PORE
288 1671 478 1701 PLVMAE
511 1674 598 1702 non
630 1661 784 1716 ipsius⁷
833 1661 906 1703 sed
944 1662 987 1703 in
1027 1662 1215 1703 omnium
1254 1662 1525 1717 corporibus:
1569 1678 1669 1705 nam
1708 1674 1868 1720 6111111·-ί

137 1731 301 1786 geratio
335 1734 418 1785 est,
451 1746 499 1773 ac
532 1732 572 1772 si
605 1732 763 1774 diceret
795 1732 924 1787 equot
958 1736 1058 1774 sunt
1091 1732 1279 1774 arenae’.

256 1803 348 1844 182.
400 1814 538 1844 OCVLI
571 1814 748 1845 SVBTER
780 1803 1031 1845 adverbium
1065 1807 1140 1857 est,
1175 1818 1222 1845 ac
1250 1804 1284 1844 61
1312 1804 1490 1846 diceret:
1522 1820 1608 1846 11011
1635 1805 1713 1846 sub
1741 1807 1830 1860 plu-

135 1874 236 1928 mis,
275 1874 348 1915 sed
379 1873 457 1914 sub
496 1873 602 1928 ipsa.
655 1863 700 1915 ⁴ei
742 1875 843 1916 mire
887 1873 1073 1925 ‘subterz
1119 1876 1240 1928 quasi
1282 1889 1385 1928 quac
1428 1889 1510 1916 11011
1552 1877 1753 1928 videatur,
1797 1882 1834 1919 el

135 1945 273 1986 omnia
302 1945 445 1987 videat.
486 1946 675 1998 [reliqua]
798 1963 987 1988 MIRABILE
1010 1962 1129 1988 DIOTV
1162 1947 1219 1988 sie
1261 1947 1504 1989 exclamavit
1533 1952 1673 2003 poeta,
1710 1951 1832 2002 quasi

134 2016 271 2057 minus
301 2016 588 2058 admirationis
618 2017 777 2058 haberet
805 2017 897 2070 ipsa
927 2017 1149 2069 descriptio.

230 2149 271 2178 11
298 2155 384 2179 nam
409 2144 538 2189 pernix
565 2173 573 2180 .
600 2173 607 2180 .
635 2173 642 2181 .
670 2145 811 2191 lapsae]
840 2156 954 2180 exscr.
981 2145 1066 2180 Isid.
1093 2156 1144 2181 or.
1172 2145 1205 2179 X
1231 2150 1297 2180 211

231 2267 247 2296 1
275 2263 363 2297 nata
389 2264 445 2298 est
464 2263 504 2297 F
536 2264 662 2298 natam
681 2264 724 2297 N
739 2265 750 2308 ΙΙ
768 2275 853 2298 nam
881 2293 887 2299 .
911 2290 917 2296 .
940 2291 947 2298 .
974 2265 1060 2298 sunt
1085 2264 1197 2299 edidit
1217 2264 1425 2309 Stephanus
1443 2265 1484 2309 ΙΙ
1474 2277 1555 2310 lpsa
1581 2265 1621 2300 F
1635 2267 1646 2311 ΙΙ
1666 2271 1686 2300 2
1714 2268 1829 2302 extre-

133 2321 232 2345 mam
257 2310 453 2355 pessimam
485 2312 591 2355 111ῖ90
621 2312 633 2355 ΙΙ
671 2315 690 2345 3
717 2311 795 2357 qui]
824 2310 911 2355 quia
937 2310 978 2345 F
1004 2313 1016 2356 ΙΙ
1047 2312 1095 2346 ad
1121 2314 1322 2347 extremam
1348 2323 1447 2357 supr.
1474 2324 1561 2348 1616.
1588 2313 1671 2348 ideo
1699 2314 1830 2350 ultima

133 2357 220 2402 quia
244 2357 324 2402 ipsa
350 2357 418 2393 deo
445 2359 522 2402 (sic)
549 2358 687 2393 delicta
712 2358 882 2403 uulgauit
906 2359 937 2392 T
953 2360 965 2403 ΙΙ
985 2363 1006 2393 4
1031 2358 1169 2393 dilecta
1189 2359 1229 2393 F
1244 2361 1255 2404 n
1277 2364 1294 2394 7
1316 2373 1562 2400 ENCIULATOQVk
1584 2360 1624 2395 F
1639 2363 1650 2405 ΙΙ
1670 2364 1690 2395 8
1715 2373 1830 2407 regna

135 2405 175 2439 F
190 2406 201 2448 ΙΙ
221 2409 240 2439 9
262 2406 298 2440 et
323 2405 416 2440 bene
444 2405 556 2450 elegit
584 2405 837 2440 Commelinus:
864 2406 901 2440 et
925 2405 1089 2451 beelegit
1110 2406 1150 2440 F
1178 2408 1215 2440 et
1240 2407 1323 2442 beel
1349 2407 1442 2452 legit
1461 2408 1597 2442 Daniel
1615 2410 1627 2452 ΙΙ
1646 2409 1828 2443 maximus

135 2452 175 2486 F
189 2454 201 2497 ΙΙ
221 2452 481 2487 aestimaretur
499 2453 648 2496 scripsi.
673 2453 913 2488 extimaretur
932 2453 972 2487 F
1006 2453 1279 2489 existimaretur
1306 2453 1542 2489 Commelinus
1559 2457 1829 2498 minuiscunt

133 2500 270 2534 Daniel
290 2503 373 2544 post
399 2500 659 2535 exstimaretur
684 2502 853 2535 lacunam
878 2501 1088 2543 indicasset,
1119 2502 1200 2536 tota
1231 2501 1342 2536 turba
1373 2503 1597 2537 intercidisse
1621 2504 1674 2537 vcl
1706 2503 1827 2538 existi-

133 2548 320 2582 marentul
346 2558 472 2581 omnes
497 2548 724 2582 scribendum
750 2559 820 2582 6666
845 2548 994 2582 coniecit
1018 2549 1276 2583 Burmannus:
1313 2550 1374 2584 scd
1399 2549 1438 2583 1«
1438 2561 1556 2584 amam
1582 2562 1624 2584 eoe
1649 2551 1829 2592 fratribus

134 2595 318 2629 aestimari
342 2595 494 2629 voluisse
514 2599 658 2639 poetam
676 2596 885 2629 scholiastes
910 2596 1008 2630 dicit.
1029 2597 1041 2640 11
1063 2600 1101 2630 11
1130 2596 1275 2642 pernix]
1302 2597 1501 2641 pernicitas
1528 2598 1540 2631 l
1565 2601 1597 2631 et
1623 2598 1792 2632 Isidorus

136 2646 177 2676 12
198 2641 393 2686 pinnarum
410 2641 449 2676 F
453 2642 496 2676 N
499 2643 543 2676 H
549 2643 597 2676 M
613 2643 625 2687 ΙΙ
647 2647 687 2676 13
704 2644 752 2677 ad
770 2642 979 2687 pernicibus
994 2643 1090 2678 alis
1076 2655 1116 2677 in
1130 2655 1242 2688 11ια1Λ.
1257 2644 1413 2678 intentio
1434 2643 1674 2679 describentis
1689 2646 1744 2679 est
1757 2645 1826 2679 hoc

134 2690 215 2724 1060
237 2688 324 2733 quia
342 2700 570 2733 superuacua
590 2691 646 2724 est
665 2690 742 2724 alas
765 2689 1027 2725 ..uelocibus
1046 2691 1077 2724 T
1094 2692 1105 2735 ΙΙ
1133 2695 1175 2725 14
1194 2691 1372 2735 intellege
1396 2691 1444 2724 Τ.·
1469 2691 1637 2736 intellegi
1659 2691 1698 2725 F
1721 2691 1825 2727 intel-

134 2736 220 2781 ligit
242 2737 379 2771 Daniel
398 2737 542 2780 primus
561 2738 572 2781 ΙΙ
594 2741 635 2771 16
663 2738 711 2772 ad
736 2717 940 2772 monstrum
965 2738 1006 2772 in
1026 2749 1138 2783 nzargy.
1164 2738 1257 2773 bene
1284 2738 1474 2783 uituperat
1497 2739 1635 2773 famam
1663 2750 1706 2773 ex
1732 2739 1825 2773 1661-

134 2782 305 2818 dentibus
342 2794 521 2827 personae
559 2795 624 2829 per
661 2786 833 2829 parentes
870 2785 968 2819 malo
996 2786 1072 2829 (sic)
1099 2797 1164 2830 per
1194 2785 1327 2820 fratres
1353 2815 1359 2821 .
1389 2814 1396 2821 .
1424 2815 1431 2821 .
1459 2785 1730 2831 ⁸ugumentatio
1761 2787 1793 2819 Τ

136 2835 178 2865 17
206 2834 228 2877 ‘p
253 2832 424 2884 parentes
449 2832 567 2866 malos
595 2831 648 2865 F:
679 2831 935 2876 praeparantis
961 2832 1038 2867 alas
1065 2833 1202 2867 Daniel
1244 2844 1310 2877 per
1342 2835 1512 2877 parentes
1537 2834 1615 2867 alas
1644 2833 1824 2867 (1011101611-

134 2888 203 2912 nus
224 2879 368 2922 primus
387 2879 398 2922 Η
423 2878 617 2913 deseribsit
642 2879 682 2912 F
703 2880 715 2923 11
745 2883 787 2913 19
813 2879 940 2923 lingua
967 2879 1020 2920 F,
1046 2890 1134 2915 coro.
1163 2881 1299 2914 Daniel
1317 2881 1328 2924 ΙΙ
1354 2881 1390 2915 et
1416 2880 1554 2925 cetera]
1583 2882 1751 2914 exerceat
1777 2881 1822 2915 F.

134 2926 340 2969 SchoeHius,
368 2929 405 2960 et
430 2927 553 2960 cetera
576 2926 714 2960 habeat
738 2937 798 2970 eyo
817 2927 829 2970 ΙΙ
849 2937 942 2964 Qvon
970 2926 1056 2960 FH
1072 2928 1083 2971 ΙΙ
1112 2932 1157 2962 20
1183 2927 1221 2961 111
1246 2927 1361 2971 ipsius
1387 2928 1419 2960 L
1438 2928 1450 2971 ΙΙ
1470 2927 1638 2961 omnibus
1665 2928 1823 2971 corpori-

134 2973 202 3007 bus
221 2973 254 3006 L
280 2974 309 3015 (1
335 2972 497 3007 omnium
523 2984 715 3018 corporum
740 2984 915 3017 superscr.
933 2974 957 3015 l)
978 2976 990 3017 ΙΙ
1009 2978 1050 3008 21
1080 2974 1178 3018 quod
1200 2974 1287 3008 FH
1301 2976 1313 3019 11
1334 2975 1491 3008 harenae
1517 2975 1558 3007 M
1570 2975 1598 3016 l,
1624 2986 1710 3008 nam
1735 2977 1825 3018 quot

135 3021 310 3054 sunt..
338 3030 380 3054 ac
407 3020 437 3054 si
463 3020 604 3055 diceret
628 3021 786 3073 (111122)
812 3021 853 3054 111
877 3032 988 3065 nzarJ
1011 3022 1052 3065 ΖΙΙ
1072 3026 1115 3056 22
1143 3022 1229 3076 non]
1257 3033 1342 3056 nam
1362 3021 1431 3064 ΗΙΙ
1451 3025 1493 3054 23
1522 3022 1589 3055 sub
1614 3021 1695 3066 ipsa
1714 3021 1823 3055 FM:

135 3067 203 3101 sub
227 3066 326 3111 ipsas
351 3066 441 3100 NH
474 3067 601 3102 subter
625 3067 723 3111 ipsas
749 3068 782 3101 L
811 3069 823 3111 ΙΙ
860 3071 905 3101 24
930 3068 1057 3103 videat
1081 3070 1228 3113 scripsi:
1253 3068 1338 3102 uide
1366 3070 1403 3102 et
1430 3068 1469 3102 F
1499 3067 1601 3102 videt
1626 3070 1663 3102 et
1688 3069 1824 3103 Danicl

137 3114 237 3147 videt
251 3114 462 3149 Mas-nicius
480 3117 491 3159 ΙΙ
510 3114 652 3158 reliqua
677 3115 742 3149 del.
764 3115 809 3149 F.
828 3115 1023 3150 Schoellius
1042 3117 1053 3160 ΙΙ
1073 3117 1122 3150 ad
1144 3115 1312 3150 mirabile
1339 3115 1439 3149 dictu
1464 3126 1563 3160 supr.
1590 3126 1677 3150 11616.
1705 3117 1822 3151 exelw-

137 3162 216 3195 mat
241 3162 352 3206 poeta
376 3162 482 3205 quasi
506 3161 625 3196 minus
652 3161 904 3197 admirationis
930 3163 1065 3198 habeat
1088 3162 1170 3208 ipsa
1195 3161 1394 3207 descriptio
1423 3163 1455 3196 Τ

1867 610 1886 640 QJx

1867 964 1909 993 10

1865 1318 1906 1349 15
