2204 3437
329 910 371 941 10

330 1265 369 1293 15

402 154 484 194 17ss
1165 152 1325 188 SERVII

399 276 447 304 IN
480 274 598 305 LVCF.
632 274 859 303 REFVLSIT
893 261 987 302 laus
1022 263 1087 302 est
1118 261 1274 302 nimiae
1302 260 1652 315 pulchritudinis,
1684 261 1756 301 cui·
1777 275 1855 301 nec
1880 260 1986 301 lucis
2013 259 2096 301 cla-

401 335 506 375 ritas
539 334 774 387 derogavit.

518 404 614 445 589.
666 415 718 445 os
755 414 1029 452 VMEROSQVE
1063 414 1363 445 DEo‘smnms
1398 402 1559 443 similes
1598 416 1766 443 umeros
1806 401 1969 443 habens
2007 400 2099 441 deo.

402 478 443 517 et
475 478 540 516 est
572 474 733 515 Graeca
767 473 922 528 figura,
961 477 1008 515 ut
1041 474 1222 516 diximus
1262 488 1401 527 supra.
1524 484 1622 513 IPSA
1656 474 1730 513 aut
1761 472 1874 526 quod
1907 471 2098 526 sequitur

401 547 524 587 ‘nato
557 542 785 599 genetrix'7
818 546 892 585 aut
925 547 1036 586 certe
1069 544 1217 599 ‘ipsa’‚
1250 544 1291 585 id
1325 546 1390 584 est
1421 542 1754 597 pulchritudinis
1787 542 1877 583 dea.

521 615 618 656 590.
668 626 890 656 DECORAM
938 626 1195 656 CAESARIEM
1242 630 1267 655 a
1307 612 1518 655 caedendo
1563 612 1677 653 dicta
1721 612 1950 666 caesaries,
1998 625 2098 665 ergo

398 689 567 727 tantum
612 686 801 727 virorum
847 689 923 727 est.
987 687 1097 740 quod
1142 688 1286 727 autem
1330 684 1433 725 (licit
1471 682 1713 725 ‘decoram'
1750 683 1844 724 vult
1885 682 2015 724 etiam
2054 682 2094 723 in

398 758 543 799 Aenea
584 757 826 799 naturalem
871 757 1004 797 fuisse
1048 755 1425 810 pulchritudinem,
1468 769 1520 795 ne
1560 754 1594 796 si
1633 755 1773 795 totum
1816 753 1982 795 tribuat
2018 752 2099 794 Ve-

398 829 507 882 neri,
540 828 650 869 nihil
683 827 850 869 Aeneae
884 827 941 867 sit
971 827 1204 880 reliquum,
1235 826 1301 867 vel
1328 828 1477 866 contra
1508 825 1615 866 nihil
1648 824 1915 878 relinquatur
1948 824 2097 865 matris

400 900 550 941 favori:
585 899 695 953 quod
729 912 906 953 sequens
941 898 1094 939 melius
1128 897 1290 937 indicat
1316 896 1578 950 conparatio.
1623 898 1671 936 ut
1696 895 1904 936 Horatius
1936 895 2097 936 fortes

399 973 637 1011 creantur
673 967 900 1023 fortibsus
941 982 1098 1023 magna
1137 971 1227 1009 arte
1259 983 1337 1009 nec
1376 967 1606 1008 eruditioni
1640 966 1801 1020 aliquid
1834 980 1910 1007 neo
1941 965 2096 1007 natali-

398 1042 476 1082 bus
510 1040 699 1094 derogat.
791 1051 1024 1080 IVVENTAE
1059 1039 1256 1080 iuventus
1290 1040 1355 1079 est
1387 1037 1616 1078 multitudo
1644 1038 1862 1090 iuvenum,
1895 1036 2096 1078 Iuventas¹

399 1112 477 1153 dea
519 1112 630 1166 ipsa,
675 1111 785 1151 sicut
822 1110 1037 1164 Libertw,
1082 1110 1255 1151 iuventa
1300 1124 1399 1151 vero
1439 1110 1575 1161 aetas3
1618 1108 1689 1149 sed
1736 1108 1841 1149 haec
1889 1122 1913 1148 a
1956 1108 2097 1161 poetis

397 1182 715 1223 confunduntur
746 1182 1008 1235 plerumque.

515 1254 612 1293 591.
670 1264 946 1293 PVRPVREVM
976 1252 1218 1305 pulchrum,
1253 1254 1299 1292 ut
1325 1250 1530 1292 Horatius
1561 1249 1832 1303 purpureis
1860 1249 1966 1290 ales
1994 1249 2101 1290 olo-

395 1325 547 1365 ribus.
644 1334 822 1364 LAETOS
856 1334 1071 1364 IIONORES
1103 1337 1189 1363 non
1222 1322 1455 1375 terribiles,
1489 1324 1535 1361 ut
1568 1335 1660 1361 esse
1693 1320 1737 1360 in
1768 1320 1872 1360 viris
1905 1319 2090 1360 fortibus

399 1395 554 1436 solent.

500 1465 612 1523 *592
663 1476 820 1507 MANVS
853 1465 921 1506 vel
955 1463 1150 1517 artificis,
1184 1463 1248 1504 vel
1282 1477 1350 1504 ars
1384 1462 1490 1515 ipsa.
1586 1478 1747 1503 Arminvr
1776 1461 1869 1502 benc
1901 1460 2100 1510 ςανᾱᾱῑιηιῗ,

398 1537 497 1590 (suia
529 1540 565 1577 et
595 1537 687 1588 ipsa
727 1536 914 1577 materies
951 1536 1067 1576 habet
1102 1535 1335 1576 naturalem
1365 1532 1724 1586 ymlclmtmlifnem.
1843 1543 1982 1573 EBORI
2021 1543 2101 1571 DE-

401 1619 484 1649 CVS
518 1608 622 1648 ebur
655 1622 680 1648 a
711 1607 839 1647 barro
873 1606 1053 1660 dictum,
1084 1606 1128 1646 id
1161 1609 1226 1647 est
1259 1605 1505 1658 elephanto7
1537 1605 1583 1643 ut
1611 1602 1816 1643 Horatius
1850 1602 1966 1656 quid
2000 1602 2099 1642 tibi

397 1679 490 1732 vis,
532 1677 731 1732 mulier⁷
772 1677 940 1731 nigris
983 1675 1294 1731 dignissima
1335 1673 1538 1715 barris?
1601 1688 1702 1714 sane
1741 1675 1940 1713 naturam
1971 1672 2097 1713 huius

397 1749 582 1791 nominis
616 1763 693 1790 nec
724 1747 932 1790 derivatio
965 1762 1042 1788 nec
1076 1747 1241 1800 obliqui
1274 1760 1396 1787 casus
1429 1748 1661 1786 reservant.
1729 1746 1772 1785 et
1810 1743 1951 1785 eboris
1985 1744 2095 1784 enim

398 1824 441 1862 et
474 1817 684 1862 eburneus
718 1819 842 1873 facit,
873 1833 959 1859 non
992 1818 1152 1872 eburis,
1186 1817 1295 1858 sicut
1327 1816 1568 1857 murmuris.

494 2002 512 2030 ϋ
540 2008 562 2030 a
587 1995 774 2030 caedendo
803 2023 808 2029 .
832 2022 838 2028 .
862 2023 868 2029 .
896 1994 967 2039 est]
996 2005 1109 2029 exscr.
1136 1993 1219 2028 Isid.
1248 1992 1338 2037 orig.
1366 1991 1416 2025 XI
1445 1996 1480 2035 1,
1508 1995 1551 2025 29
1583 1991 1594 2035 ΙΙ
1622 1994 1663 2025 10
1689 1990 1879 2035 Horatius]
1908 2000 2018 2024 carm.
2048 1989 2099 2023 IV

398 2049 436 2087 4,
463 2048 506 2077 29
539 2045 550 2087 ΙΙ
586 2047 627 2077 12
661 2042 831 2077 iuventus
863 2070 869 2076 .
900 2070 906 2076 .
937 2070 943 2076 .
976 2041 1096 2086 aetas]
1130 2051 1242 2075 exscr.
1275 2039 1359 2073 Isid.
1393 2038 1466 2072 diff.
1501 2038 1599 2072 verb.
1634 2041 1713 2071 310.
1766 2037 1810 2073 cf.
1844 2037 1890 2071 ad
1925 2037 2014 2070 Aen.
2048 2037 2095 2070 lV

398 2096 440 2125 ,²52
475 2092 512 2125 et
546 2094 622 2125 559.
677 2089 775 2124 Suet.
808 2091 900 2133 prat.
933 2101 968 2133 p.
996 2093 1065 2123 274
1097 2087 1308 2122 Reiffersch‚
1362 2086 1461 2120 Beda
1493 2086 1537 2119 de
1570 2085 1732 2128 orthogr.
1766 2085 1816 2118 VI
1847 2096 1880 2128 p.
1910 2088 1952 2117 18
1985 2083 2055 2118 Gil.

400 2143 442 2173 15
469 2137 661 2182 Horatius]
699 2148 809 2171 carm.
842 2136 890 2170 IV
919 2141 955 2179 1,
985 2140 1026 2169 10
1058 2137 1069 2179 Η
1103 2140 1144 2169 13
1177 2147 1290 2168 ›mxvs
1317 2161 1324 2167 .
1354 2161 1360 2167 .
1389 2161 1395 2167 .
1424 2133 1520 2178 ipsa]
1556 2132 1599 2166 ef.
1634 2131 1717 2166 Isid.
1753 2131 1843 2175 orig.
1877 2131 1926 2165 Xl
1955 2135 1990 2173 1,
2019 2135 2061 2163 (513
2088 2132 2089 2142 ¹

399 2190 442 2219 20
469 2185 559 2219 ebur
585 2211 592 2219 .
623 2212 629 2218 .
658 2212 664 2218 .
691 2183 822 2229 barris]
857 2195 968 2218 exscr.
1003 2183 1085 2217 isid.
1122 2182 1211 2227 orig.
1246 2180 1331 2214 XVI
1364 2185 1401 2225 5,
1436 2185 1487 2214 19.
1539 2179 1583 2213 cf.
1618 2179 1686 2212 XII
1717 2182 1756 2223 2,
1792 2182 1834 2212 14
1865 2179 1877 2222 ΙΙ
1908 2177 2098 2222 Horatius]

399 2233 504 2277 epod.
534 2236 589 2276 12,
618 2236 633 2265 1

494 2403 508 2432 1
540 2398 595 2432 est
620 2396 755 2432 nimiae
782 2407 846 2430 om.
878 2396 913 2429 P
936 2398 947 2440 ΙΙ
973 2394 1231 2440 pulcritudinis
1258 2394 1291 2427 L
1317 2392 1586 2438 pulchritudini
1614 2393 1649 2426 P
1672 2393 1683 2435 ΙΙ
1710 2396 1731 2425 4
1756 2393 1798 2426 ut
1825 2401 1934 2435 supra
1960 2389 2098 2424 dietum

398 2447 453 2479 est
481 2446 509 2479 O
538 2446 548 2488 ΙΙ
582 2458 657 2478 wsA
684 2445 807 2478 autem
834 2444 869 2476 B
901 2445 912 2487 ΙΙ
944 2448 962 2477 6
1000 2443 1099 2477 dicta
1125 2444 1181 2476 est
1215 2442 1244 2476 O
1271 2443 1282 2485 ΙΙ
1316 2445 1334 2474 7
1367 2442 1520 2483 fortasse
1553 2440 1634 2474 vult
1668 2439 1781 2473 etiam
1816 2437 2025 2472 naturalem
2060 2436 2098 2470 in

398 2494 524 2527 Aenea
549 2492 661 2526 fuisse
692 2493 703 2535 ΙΙ
736 2495 754 2524 9
787 2490 972 2534 reliquum
1004 2490 1062 2524 vel
1097 2491 1224 2523 contra
1255 2500 1319 2523 om.
1347 2488 1379 2521 L
1413 2490 1524 2532 (supr.
1558 2498 1644 2521 vcers
1679 2487 1763 2520 add.
1791 2487 1816 2528 l)
1848 2486 1860 2529 ΙΙ
1893 2488 1933 2518 11
1961 2494 2098 2528 magna

397 2542 476 2574 arte
509 2568 515 2574 .
546 2569 552 2574 .
582 2567 587 2573 .
623 2538 894 2573 confunduntur
926 2537 1142 2581 plerumque
1176 2548 1240 2570 om.
1271 2535 1300 2569 Ο
1329 2537 1340 2578 ΙΙ
1374 2539 1414 2568 12
1442 2534 1595 2568 iuuenta
1620 2533 1653 2566 L
1683 2536 1719 2566 ut
1746 2533 1887 2566 videtur
1913 2532 2097 2574 (iuuentus

397 2589 453 2621 est
478 2587 502 2629 l)
530 2587 541 2630 Η
569 2586 742 2619 iuuenum
769 2587 811 2618 ut
836 2584 933 2628 (Vlll
964 2585 1044 2626 151)
1072 2584 1178 2617 rebus
1206 2583 1373 2627 spectata
1398 2581 1570 2615 iuuentus
1597 2580 1796 2614 Fabricius
1822 2580 1833 2623 ΙΙ
1859 2578 2027 2612 iuuentas
2054 2588 2097 2612 ea:

397 2634 569 2668 iuuentus
597 2632 638 2666 ][
666 2634 677 2676 ΙΙ
709 2637 749 2665 13
777 2632 955 2666 Libertas,
1007 2630 1147 2664 Tullius
1175 2630 1280 2673 (disp.
1312 2629 1414 2663 Tisse.
1442 2629 1457 2662 I
1484 2632 1541 2671 26,
1569 2630 1626 2669 65)
1654 2627 1846 2661 quentate
1872 2624 2006 2669 pocula
2030 2624 2096 2658 mi-

398 2681 577 2715 nistrante
606 2679 804 2713 Fabricius
835 2679 846 2721 ss
878 2679 979 2712 actas
1007 2677 1101 2711 unde
1130 2676 1193 2719 (IV
1221 2677 1302 2719 559)
1335 2676 1372 2709 et
1399 2675 1563 2709 membra
1597 2674 1730 2708 decora
1760 2674 1932 2707 iuuentae
1960 2671 2096 2706 Fabri-

399 2729 475 2762 cius
506 2730 517 2771 ΙΙ
552 2731 592 2760 15
621 2726 782 2761 oloribus
811 2726 875 2758 M:
901 2736 965 2758 om.
994 2725 1029 2757 B
1063 2723 1223 2758 oloribus
1249 2735 1292 2757 (w
1319 2722 1500 2757 solor-ibus
1528 2722 1557 2755 C
1590 2721 1753 2756 otoribus
1780 2721 1813 2753 J.
1839 2722 1942 2764 (corr.
1971 2720 1996 2763 1)
2023 2719 2097 2753 ole-

397 2775 497 2809 ribus
525 2774 565 2808 H
592 2775 603 2817 ΙΙ
639 2778 678 2807 17
707 2773 802 2807 solet
830 2772 877 2806 CI
907 2773 918 2815 [Ι
950 2772 1079 2806 solent.
1130 2770 1333 2804 notandum
1366 2771 1490 2804 autem
1517 2780 1623 2813 reges
1658 2768 1838 2802 formosos
1866 2777 2009 2810 semper
2035 2765 2095 2799 de-

398 2821 529 2864 scribi,
557 2823 598 2855 ut
627 2820 787 2865 dignitas
814 2821 851 2853 ct
877 2818 1078 2853 auctoritas
1098 2818 1217 2862 inagis
1238 2817 1284 2851 ad
1304 2817 1359 2851 sui
1380 2815 1731 2860 contemplationem
1751 2814 2097 2856 obseruantiamque

398 2869 539 2903 alliciat
566 2869 602 2901 I)
627 2870 639 2912 l]
667 2871 707 2901 18
735 2868 783 2901 cul
808 2878 838 2902 v.
867 2870 933 2899 592
961 2864 1073 2900 Ebori
1099 2864 1224 2910 decus]
1254 2865 1343 2898 ebur
1367 2864 1475 2898 barro
1503 2864 1643 2897 dictum
1671 2891 1677 2896 .
1700 2890 1706 2896 .
1730 2890 1736 2896 .
1766 2861 1861 2896 sicut
1886 2859 2093 2894 murmuris.

401 2916 434 2948 P
463 2918 474 2960 ΙΙ
510 2920 549 2949 19
580 2929 679 2949 mmm
707 2926 814 2948 nEcvs
843 2941 848 2947 .
872 2942 877 2947 .
901 2940 907 2946 .
935 2911 1145 2955 murmuris]
1185 2925 1283 2945 numni
1313 2912 1401 2945 ebur
1434 2922 1455 2945 a
1481 2911 1588 2944 barro
1614 2910 1650 2943 id
1684 2911 1741 2943 est
1766 2908 1927 2942 elefanto
1955 2907 2095 2940 dictum

397 2964 462 2997 est.
503 2962 622 2997 eboris
650 2963 686 2996 et
713 2961 889 2996 eborneos
916 2960 1006 2994 facit
1031 2961 1159 2994 contra
1185 2959 1351 3003 regulam
1378 2969 1450 2992 non
1477 2958 1656 2992 ebur1.eus
1684 2956 1779 2989 sicut
1805 2964 2033 2988 murmuretis
2060 2954 2098 2986 ct

397 3009 592 3043 murmuris
617 3010 651 3042 ]›'
683 3009 694 3052 ΙΙ
726 3013 771 3043 20
799 3020 820 3042 a
845 3019 909 3042 om.
940 3008 969 3041 C
992 3009 1104 3050 (supr.
1134 3017 1217 3040 vers.
1247 3007 1330 3039 add.
1361 3005 1417 3047 0³)
1449 3006 1460 3049 ΙΙ
1492 3008 1534 3038 22
1563 3003 1736 3038 diriuatio
1766 3001 1885 3035 CLII
1893 3000 1929 3034 P
1959 2999 2094 3033 diriua-

396 3056 515 3090 tiones
544 3057 591 3090 M
615 3055 864 3089 (lei-illationes
891 3056 902 3088 Ι
933 3057 944 3097 Η
975 3058 1018 3088 23
1047 3054 1224 3087 eburneas
1253 3053 1281 3085 (ι’
1305 3053 1500 3095 (eburneus
1529 3051 1585 3095 02)
1618 3051 1753 3085 eburne
1780 3049 1813 3082 L
1845 3048 2039 3092 (eburneus
2067 3047 2093 3089 l)

398 3103 575 3138 eburneos
606 3104 640 3136 1¹
663 3105 814 3145 fortusse
839 3103 876 3135 et
903 3102 1081 3135 eburneus
1108 3100 1203 3134 enim
1231 3102 1268 3134 et
1293 3099 1412 3134 eboris
1438 3098 1528 3133 facit
1570 3140 1581 3149 l
