2204 3437
572 185 721 220 COMM.
749 186 799 219 IN
829 186 969 220 VERG.
997 186 1107 220 AEN.
1135 186 1159 220 Ι.
1187 189 1384 220 485—491.
1740 186 1822 226 155⁷)

247 294 344 335 489.
394 304 511 334 EOAS
546 292 598 333 ‘c’
631 293 886 334 naturaHter
918 293 1047 346 longa
1079 295 1164 343 est,
1198 294 1245 333 fit
1272 296 1415 333 tamen
1442 293 1582 333 brevis
1612 294 1822 334 interdum

129 378 223 404 cum
250 378 342 405 eam
363 363 521 404 vocalis
543 364 752 417 sequitur,
784 366 831 404 ut
857 363 1019 416 primo
1047 364 1295 416 surgebat
1315 362 1432 405 Eoo.
1483 375 1611 404 Nisum
1641 375 1823 403 MEMNo-

129 446 202 475 le
240 446 368 475 ARMA
413 435 513 488 quia
554 434 787 488 Tithonus,
831 434 964 475 frater
1005 433 1327 487 Laomedontis,
1372 436 1519 487 raptus
1565 434 1616 474 ab
1661 433 1824 474 Aurora

128 504 265 545 filium
309 519 430 545 suum
475 504 746 546 Memnonem
789 518 840 544 ex
890 504 983 557 ipsa
1032 505 1323 559 progenitum,
1375 505 1541 546 inlectus
1583 505 1686 545 (leno
1731 506 1824 545 eills·

129 588 275 616 aureae
305 575 477 616 Priame
511 575 561 616 ad
594 575 746 616 Troiae
779 574 898 615 misit
931 574 1103 615 auxilia.
1165 576 1235 627 qai
1276 589 1508 629 eenyressas
1546 589 1636 616 eam
1667 575 1825 616 Achille
1851 582 1865 609 Γ

128 645 178 686 ab
209 659 251 686 eo
281 648 339 687 est
368 646 644 699 interemptas,
683 646 798 686 euius
834 648 1001 686 mortem
1038 649 1168 686 mater
1198 646 1369 687 Aurora
1406 646 1594 699 hodieque
1625 647 1824 687 matutino

129 729 220 757 rore
243 716 338 768 flere
362 717 521 758 (licitur.
567 715 723 770 ‘nigri’
757 719 900 757 autem
933 715 1041 757 dixit
1062 715 1309 770 Aethiopis,
1342 717 1450 757 unde
1483 716 1621 770 prima
1653 731 1825 757 consur-

131 786 196 839 git
234 786 414 827 Aurora.
535 799 660 828 ARMA
697 786 931 840 Vulcania,
975 789 1023 827 ut
1067 786 1141 828 ille
1180 787 1339 828 indicat
1379 801 1528 828 versus
1568 790 1615 827 tc
1655 787 1825 840 potuit

130 857 358 898 lacrimis
391 856 637 897 Tithonia
669 857 885 898 flectere
919 857 1155 898 coniunx.

247 928 344 969 490.
394 939 536 969 DVCIT
564 938 875 968 AMAZONIDVM
907 927 986 968 hoc
1014 930 1078 968 est
1105 928 1216 981 quod
1243 942 1372 981 supra
1398 927 1505 968 dixit
1537 927 1677 969 videt
1704 928 1824 968 Ilia-

131 1012 212 1038 cas
251 1013 306 1039 ex
345 998 521 1039 ordine
559 1010 765 1051 pugnas.
827 997 1041 1039 Homerus
1081 998 1193 1038 enim
1231 998 1336 1039 haec
1369 999 1513 1039 onmia
1551 999 1687 1039 tacuit
1721 1014 1825 1052 (piae

130 1069 245 1109 facta
285 1070 383 1109 sunt
418 1072 519 1122 post
556 1067 754 1110 Hectoris
793 1071 988 1109 mortem.
1051 1067 1396 1110 ‘Amazonidum’
1437 1072 1578 1110 autem
1618 1069 1826 1110 derivatio

131 1142 197 1180 est
233 1153 310 1192 pro
348 1138 688 1193 principalitate,
731 1139 839 1181 sicut
878 1138 1145 1193 Scipiadas
1185 1140 1336 1181 duros
1376 1140 1512 1181 bello
1551 1155 1627 1194 pro
1669 1139 1827 1193 Scipio-

130 1210 266 1251 nibus.
318 1224 419 1251 sane
438 1210 677 1251 Amazones
704 1209 842 1251 dictae
870 1212 969 1250 sunt
1003 1210 1068 1251 vel
1102 1210 1214 1264 quod
1248 1210 1377 1251 simul
1409 1211 1559 1251 vivant
1592 1210 1681 1250 sine
1711 1210 1829 1263 viris,

133 1280 254 1334 quasi
286 1276 374 1334 ἅμα
402 1280 552 1332 ζῶσαι,
585 1280 652 1321 vel
686 1280 796 1334 quod
828 1295 956 1321 unam
984 1295 1215 1322 mammam
1242 1284 1436 1322 exustam
1468 1281 1674 1334 habeant,
1707 1281 1826 1334 quasi

131 1348 239 1392 ἄνευ
276 1350 424 1405 μαζοῦ.
491 1350 569 1392 has
615 1353 756 1392 autem
803 1351 887 1392 iam
924 1366 1011 1392 non
1056 1366 1148 1393 esse
1194 1354 1380 1406 constat,
1425 1355 1573 1406 utpote
1618 1352 1828 1392 extinctas

133 1421 290 1476 partim
323 1422 375 1462 ab
402 1420 603 1475 Hercule,
635 1421 793 1475 partim
821 1422 876 1463 ab
903 1421 1084 1464 Achille.
1206 1434 1363 1464 PELTIS
1399 1424 1531 1464 scutis
1563 1422 1827 1464 brevissimis

133 1493 176 1533 in
202 1492 374 1534 modum
398 1492 522 1533 lunae
549 1492 636 1533 iam
661 1491 836 1533 mediae.
947 1510 1115 1535 LVNATIS
1138 1496 1274 1534 (tatem
1292 1495 1561 1547 pao-tiapmm
1581 1508 1606 1534 a
1631 1494 1829 1545 feminine

129 1577 269 1616 {seuere
299 1563 535 1604 derivatam.

250 1633 348 1675 491.
398 1644 722 1674 PENTHESILEA
756 1645 933 1675 FVRENS
966 1635 1178 1676 furentem
1211 1635 1304 1675 idco
1339 1634 1465 1687 dixit,
1508 1635 1607 1689 quia
1640 1650 1829 1677 sororem

135 1719 254 1746 suam
286 1704 331 1744 in
362 1704 588 1745 venatione
621 1704 797 1745 confixit
829 1705 1037 1746 simulans
1071 1720 1114 1746 se
1148 1720 1316 1747 cervam
1349 1705 1489 1746 ferire.
1539 1705 1611 1746 sed
1644 1705 1723 1746 hoc
1755 1720 1830 1758 per

134 1775 367 1816 transitum
398 1775 558 1829 tangit,
596 1789 695 1816 nam
727 1775 846 1816 furor
879 1776 1057 1817 bellicus
1090 1777 1369 1831 intellegitur.
1419 1791 1475 1817 an
1508 1775 1701 1829 ‘sbtrens’,
1733 1777 1831 1829 qaia

135 1848 295 1888 maiora
326 1846 480 1888 viribus
505 1846 686 1887 (cudebat.
741 1846 836 1888 haee
867 1850 1002 1888 tamen
1027 1848 1184 1889 Martis
1215 1852 1251 1889 et
1272 1848 1428 1889 Otreres
1458 1848 1549 1900 filia
1577 1848 1676 1899 fait,
1708 1861 1831 1899 qaam

137 1917 314 1959 Achilles
339 1931 429 1969 qam
453 1918 666 1959 adversam
697 1931 737 1958 se
759 1921 1014 1971 puynantem
1038 1920 1273 1971 peremisset
1297 1922 1391 1973 post
1420 1921 1587 1959 mertem
1618 1919 1703 1959 elas
1734 1919 1829 1958 ada-

136 1989 263 2030 mam‘t
292 2002 456 2042 eamque
486 1988 703 2042 honorifice
732 1989 920 2045 sepelivit.
979 1988 1130 2030 ‘ducit'
1163 1992 1297 2031 autem
1329 1992 1365 2031 et
1396 1987 1551 2030 eardet'
1584 1989 1639 2029 acl
1670 1988 1830 2029 lacedem
1858 1997 1876 2025 ἰ’

128 2060 315 2113 picturae
339 2060 525 2112 pffl'tinet.

231 2204 250 2233 2
278 2199 413 2245 primo]
447 2201 488 2235 A.
515 2201 564 2234 III
591 2203 657 2234 588
689 2202 700 2245 11
732 2205 751 2234 3
779 2199 958 2235 Tithonus
984 2200 1098 2234 frater
1126 2229 1132 2235 .
1161 2229 1167 2235 .
1197 2228 1203 2234 .
1232 2200 1390 2246 Aurora]
1427 2200 1593 2234 Servium
1620 2211 1731 2234 exscr.
1758 2212 1833 2243 my·

136 2247 256 2291 thogr.
283 2247 299 2280 I
326 2251 390 2281 139
419 2249 456 2282 et
481 2247 513 2281 II
537 2249 633 2291 19411
659 2251 679 2281 8
704 2249 741 2281 te
767 2246 904 2292 potuit]
933 2249 974 2281 A.
1001 2247 1088 2281 VIII
1109 2248 1208 2291 38111
1239 2252 1280 2281 10
1307 2247 1424 2293 videt]
1451 2248 1493 2281 A.
1521 2247 1533 2280 Ι
1562 2249 1661 2290 45011
1690 2252 1730 2281 13
1760 2246 1833 2280 Sci—

137 2293 280 2339 piadas]
307 2305 432 2338 georg.
459 2295 490 2328 II
514 2299 579 2328 170
599 2296 610 2338 11
631 2299 675 2328 11
700 2306 786 2328 sane
813 2305 1007 2329 amazones
1029 2323 1034 2329 .
1058 2322 1064 2328 .
1087 2321 1095 2329 .
1116 2295 1278 2339 Achille]
1307 2305 1420 2329 exscr.
1441 2294 1526 2328 Isid.
1549 2294 1638 2338 orig.
1664 2294 1710 2328 IX
1733 2299 1763 2335 2,
1779 2298 1833 2327 64.

138 2341 241 2375 Luct.
266 2341 364 2375 Plac.
391 2341 438 2375 ad
465 2341 556 2375 Stat.
583 2342 672 2376 Ach.
699 2342 713 2375 I
735 2346 800 2375 353
822 2343 833 2385 11
857 2346 895 2375 17
923 2341 1035 2376 scutis
1063 2369 1070 2376 .
1095 2370 1100 2375 .
1123 2369 1129 2376 .
1157 2341 1318 2387 mediae]
1347 2353 1459 2377 cxscr.
1487 2341 1568 2375 Isid.
1597 2341 1686 2386 orig.
1715 2341 1831 2375 XVIII

142 2391 198 2431 12,
224 2391 255 2422 4.
295 2388 398 2422 Luct.
425 2388 524 2423 Plac.
552 2388 598 2422 ad
626 2389 717 2423 Stat.
745 2388 859 2422 Theb.
887 2389 918 2423 V
947 2392 1012 2423 145

140 2516 317 2551 uirtutem
336 2516 527 2552 bellatoris
547 2517 779 2552 referendum
800 2520 855 2552 est
875 2518 1178 2564 Guelferbytanus·
1200 2520 1226 2553 Ι
1243 2523 1274 2553 et
1295 2519 1322 2553 1
1325 2519 1511 2561 ebrietas,
1531 2519 1594 2563 qai
1612 2518 1793 2562 transclil
1789 2520 1835 2552 tn.

136 2574 207 2608 pro
234 2566 337 2598 erant
363 2563 501 2609 scripta
525 2565 623 2599 dedit
641 2567 653 2610 11
676 2570 689 2599 1
719 2566 767 2599 acl
793 2577 823 2599 1.
848 2570 914 2601 489
942 2566 1053 2611 ans]
1082 2577 1100 2600 e
1126 2566 1347 2601 naturaliter
1372 2567 1485 2611 longa
1511 2568 1600 2600 est.
1654 2594 1659 2599 .
1688 2577 1729 2599 cx
1756 2565 1821 2609 ips.
1815 2578 1836 2599 a

141 2611 374 2655 progenitum
402 2611 550 2646 Priamo
583 2611 685 2647 misit
714 2613 753 2646 in
788 2613 976 2649 auxilium.
1026 2613 1089 2657 qui
1123 2624 1338 2658 congressus
1366 2642 1373 2649 .
1402 2643 1408 2649 .
1437 2642 1443 2647 .
1471 2614 1566 2647 undc
1599 2594 1719 2657 11111111
1752 2624 1834 2646 cou-

142 2657 259 2702 surgit
284 2659 442 2701 Aurora,
468 2661 510 2693 ut
535 2659 598 2693 ille
624 2659 765 2694 indicat
790 2671 916 2694 uersus
945 2689 951 2696 .
974 2688 980 2694 .
1004 2688 1010 2694 .
1039 2660 1206 2695 coniunx
1231 2661 1266 2694 P
1283 2662 1294 2705 11
1314 2661 1451 2705 brevis]
1478 2660 1602 2702 grauis
1623 2660 1657 2693 B
1677 2661 1726 2702 11·’
1710 2685 1725 2693 ..
1755 2671 1835 2692 cum

142 2705 342 2738 RLHM:
375 2687 442 2749 qui,
467 2705 497 2740 O
530 2706 617 2750 quia
649 2707 694 2741 02
732 2707 878 2750 quando
908 2707 944 2740 P
977 2708 989 2751 11
1026 2712 1045 2741 5
1074 2718 1205 2742 aureae
1234 2708 1295 2741 ΟΖ.-
1327 2719 1437 2742 aurea
1472 2707 1501 2742 (J
1528 2708 1539 2751 11
1571 2707 1744 2741 auxilium
1776 2707 1805 2739 (J

145 2751 323 2787 Tdefleie
349 2754 485 2786 mavult
509 2753 750 2788 Burmannus
775 2755 786 2798 11
812 2754 929 2799 surgit
955 2755 987 2788 1
1012 2756 1023 2799 11
1052 2759 1071 2788 8
1100 2754 1295 2799 Vulcania}
1324 2755 1532 2788 uulcanalia
1557 2755 1591 2787 B
1636 2753 1783 2787 uulcani
1811 2754 1840 2785 (J

144 2800 268 2833 autem
292 2799 466 2834 uulcania
497 2800 587 2835 dicit
613 2801 658 2835 C''
700 2801 872 2836 uulcania
904 2801 996 2835 dicit
1021 2803 1033 2835 l
1076 2802 1247 2837 uulcania
1278 2802 1452 2836 uulcania
1483 2803 1604 2835 autem
1638 2801 1730 2834 dixit
1759 2800 1802 2833 is

143 2845 200 2891 ut]
233 2847 298 2889 aut
326 2845 356 2880 G
382 2846 404 2889 11
427 2851 468 2880 10
495 2848 542 2881 al
567 2859 597 2881 c.
625 2852 692 2881 490
722 2848 829 2882 Ducit
856 2849 1137 2894 Amazonidum]
1172 2850 1240 2883 hoc
1268 2850 1356 2883 cst.
1423 2877 1428 2882 .
1457 2859 1499 2882 ex
1533 2848 1657 2882 0111111(-
1685 2858 1836 2890 pugnas

144 2892 411 2927 Amazonidum
443 2895 566 2928 autem
599 2894 773 2928 diriuatio
806 2898 862 2929 cst
889 2924 895 2930 .
924 2924 930 2930 .
959 2924 965 2930 .
994 2907 1080 2930 sane
1106 2897 1311 2930 Amazones
1337 2895 1457 2929 (110110
1484 2897 1568 2928 sunt
1599 2894 1695 2937 quod
1728 2905 1837 2927 unam

144 2950 344 2974 mammam
372 2968 380 2975 .
407 2967 414 2974 .
442 2967 448 2973 .
486 2952 508 2975 a
543 2941 718 2976 feminino
751 2953 883 2985 gens-re
919 2942 1108 2977 dirimatur.
1140 2943 1174 2976 Ι
1209 2945 1220 2986 11
1260 2947 1300 2976 15
1334 2953 1500 2976 amazosc
1528 2942 1557 2975 (2'
1590 2953 1745 2974 mmmmm
1773 2940 1804 2973 Ι

144 2986 308 3021 habeant
326 2987 361 3020 Ι
371 2987 435 3021 M.-
460 2988 599 3022 habent
625 2988 654 3023 (J
659 2988 691 3021 J
701 2988 787 3021 ΙΙΙ)
805 2990 816 3032 11
845 2994 884 3023 16
911 3001 981 3023 neu
1007 3001 1152 3024 ainaizos
1175 2990 1204 3023 (¹
1241 3002 1412 3022 xxmmz
1420 3001 1450 3021 »r
1479 2988 1520 3021 ΙΙ
1554 2987 1631 3021 ¹sine
1658 2998 1778 3021 ιηικοε
1807 2987 1842 3020 1¹

146 3043 352 3067 axeowxzox
381 3034 428 3068 M
445 3035 457 3077 11
479 3038 519 3068 18
547 3035 801 3080 participium]
832 3036 1059 3080 primitiuum
1090 3038 1124 3069 Ι
1141 3039 1152 3080 11
1173 3049 1194 3069 ,ι
1220 3048 1283 3069 om.
1314 3036 1342 3069 (J
1358 3037 1368 3078 11
1393 3040 1432 3068 19
1459 3035 1666 3069 deriuatum
1692 3035 1840 3078 scripse.-

147 3077 395 3115 denuatiuum
419 3080 448 3115 G
463 3084 474 3125 11
495 3086 538 3116 20
560 3083 608 3116 ad
627 3093 657 3119 z·
673 3086 738 3116 491
767 3082 1003 3118 Ienthesilea
1028 3083 1166 3127 furens]
1195 3083 1239 3115 M-
1234 3082 1322 3116 istis
1350 3086 1385 3115 ct
1406 3084 1553 3116 (meres
1580 3081 1655 3116 filia
1682 3082 1778 3116 fuit.

149 3125 197 3160 ad
221 3126 369 3162 laudem
395 3127 560 3172 picturae
586 3128 759 3174 pertinet.
790 3129 825 3162 P
841 3131 853 3174 11
879 3134 921 3164 :25
950 3131 995 3164 ad
1021 3142 1120 3175 supr.
1149 3130 1344 3164 z·e⁴.s1..a‹l‹l
1374 3130 1417 3167 Ψ

1858 937 1896 965 ll>

1860 1289 1897 1318 15,

1857 1644 1899 1672 2³0

1882 1997 1899 2024 ι’)
