2204 3437
845 198 1123 234 PRAEFATIO.
1731 195 1828 229 LVH

141 313 331 356 Danielis
365 311 617 354 coniecturis
655 310 1064 365 typothetarumque
1098 305 1313 347 erroribus
1347 304 1600 357 adparatum
1635 302 1824 343 criticum

141 399 328 427 onerare.
387 397 492 438 quae
532 383 674 436 aliqua
715 381 764 421 de
806 394 932 421 causa
970 376 1267 418 memorabilia
1309 375 1561 415 videbantur
1600 388 1683 413 non
1730 376 1829 413 sunt

142 455 312 497 omissa.
367 457 590 508 praeterea
623 451 839 493 sciendum
872 452 936 490 est
974 448 1047 489 ubi
1079 447 1123 488 in
1155 445 1369 488 additiciis
1408 444 1535 498 primi
1575 445 1617 483 ct
1656 443 1826 483 secundi

141 526 242 566 libri
275 525 446 566 scholiis
487 522 834 565 emendationum
876 522 1069 562 auctores
1114 532 1199 558 non
1239 516 1327 557 sint
1367 513 1574 556 nominati
1613 516 1827 567 receptam

142 597 399 650 scripturam
433 610 453 636 e
486 594 677 635 Danielis
711 591 941 646 appendice
974 589 1157 630 fluxisse.

260 667 377 715 Quae
408 665 562 707 Daniel
604 664 649 704 in
681 664 774 717 ipso
814 662 878 703 sui
912 659 1165 713 exemplaris
1199 658 1400 699 contextu
1431 655 1620 709 vulgatis
1653 654 1827 696 scholiis

142 737 304 778 addidit
341 738 511 790 praeter
548 748 682 788 pauca
712 733 786 774 illa
818 747 926 787 quae
959 745 1087 784 supra
1119 727 1445 770 commemoravi
1480 741 1500 766 e
1533 726 1644 766 libro
1679 725 1829 766 decimi

141 807 301 849 saeculi
332 807 467 861 petita
499 807 616 857 sunt,
656 818 779 858 quem
818 802 1000 844 Iacobus
1033 799 1298 853 Bongarsius
1339 800 1380 839 et
1418 797 1576 838 Paulus
1616 796 1830 849 Petavius,

142 893 247 932 quos
268 877 460 918 Danielis
481 875 786 916 bibliothecam
819 874 930 914 inter
962 887 1005 913 se
1037 871 1222 925 partitos
1245 884 1335 910 esse
1368 870 1538 909 constat
1575 865 1644 922 (cf.
1678 866 1830 920 Hagen

143 948 266 989 catal.
299 948 387 989 cod.
420 946 542 988 Bern.
574 945 704 1000 praef.
737 960 775 998 p.
807 943 952 997 XIV),
994 943 1057 983 ita
1090 941 1378 982 distraxerunt
1408 941 1456 980 ut
1486 938 1610 979 hodie
1650 940 1830 991 septem-

143 1019 277 1060 decim
310 1017 583 1059 membranae
616 1016 658 1057 in
691 1015 964 1056 miscellaneo
998 1012 1139 1054 codice
1172 1011 1390 1052 Parisinae
1422 1009 1727 1061 bibliothecae,
1760 1008 1830 1061 qui

146 1090 257 1131 1750
289 1102 509 1129 numerum
542 1086 688 1140 habet,
721 1086 872 1138 insint,
905 1084 1093 1138 reliquae
1126 1081 1325 1123 Leidensi
1358 1081 1499 1123 codice
1527 1078 1671 1133 (Voss
1692 1078 1736 1120 F.
1759 1076 1831 1132 79)

143 1160 455 1202 contineantur.
511 1156 731 1198 Leidensis
773 1169 872 1209 pars
913 1154 1127 1207 descripta
1159 1155 1225 1194 est
1264 1167 1288 1193 a
1321 1151 1556 1203 Suringaro
1590 1147 1709 1203 (hist.
1742 1149 1832 1189 crit.

144 1232 272 1273 schol.
304 1231 397 1271 Lat.
419 1228 461 1270 Π
492 1244 531 1282 p.
553 1228 637 1268 269
660 1224 788 1282 sqq),
821 1226 1016 1267 Parisina
1049 1240 1073 1265 a
1103 1223 1333 1265 Thomasio
1367 1221 1424 1277 (p.
1447 1220 1502 1262 65
1525 1218 1621 1274 sq.[),
1653 1222 1833 1272 utraque

144 1318 168 1344 a
200 1316 267 1342 me
301 1298 425 1356 (mus.
457 1298 592 1339 Rhen.
624 1296 727 1338 XIV
757 1312 798 1350 p.
832 1295 947 1352 540).
1000 1295 1220 1336 Leidensis
1252 1294 1351 1334 libri
1383 1292 1456 1333 fol.
1481 1290 1621 1332 1—35
1647 1289 1833 1330 Parisini

141 1373 215 1414 fol.
251 1373 271 1412 1
295 1373 337 1413 et
357 1371 382 1412 2
415 1370 674 1411 Bernensem
703 1368 773 1422 qui
805 1369 984 1408 vocatur
1014 1366 1058 1407 in
1090 1365 1284 1406 bucolica
1316 1366 1358 1405 et
1391 1362 1591 1417 georgica
1624 1374 1833 1402 commen-

142 1443 299 1485 tarium
341 1441 385 1482 in
425 1439 595 1481 brevius
637 1440 903 1480 contractum
948 1437 1110 1478 habent
1151 1434 1221 1491 (cf.
1254 1434 1408 1489 Hagen
1454 1433 1584 1474 schol.
1626 1431 1751 1472 Bern.
1795 1446 1834 1483 p.

143 1513 227 1555 692
261 1510 388 1566 sqq),
419 1510 604 1552 Parisini
636 1509 707 1550 fol.
737 1509 879 1549 3—17
916 1507 969 1548 ad
989 1506 1133 1548 Aen.I
1167 1509 1208 1547 et
1238 1505 1280 1546 Π
1310 1506 1478 1545 1—711
1515 1502 1690 1554 ‘Scrvefl
1711 1504 1834 1542 emto-

142 1585 231 1626 dz‘at
261 1582 497 1637 pertinent,
529 1580 750 1622 Leidensis
782 1579 857 1620 fol.
879 1577 1053 1619 36—45
1087 1577 1139 1618 ad
1165 1576 1269 1617 Aen.
1290 1575 1330 1616 Π
1356 1574 1586 1616 712-804
1612 1571 1675 1613 ΙΙΙ
1695 1571 1757 1611 IV
1784 1571 1836 1612 V.

147 1669 254 1709 quae
299 1668 349 1694 ex
395 1652 568 1694 scholiis
615 1651 667 1692 ad
710 1650 903 1691 bucolica
957 1651 998 1690 et
1041 1648 1243 1703 georgica
1291 1645 1586 1700 spectantibus
1632 1642 1836 1696 exscripsi

144 1725 325 1779 Hageno
358 1723 470 1764 dedi:
504 1737 552 1763 ex
586 1721 799 1762 Aeneidos
827 1719 1078 1761 commentis
1105 1718 1347 1760 Parisinam
1379 1720 1547 1771 partem
1581 1714 1741 1756 contuli
1775 1715 1836 1753 at-

147 1809 227 1849 que
259 1795 303 1835 in
336 1793 612 1835 adnotatione
646 1792 795 1833 critica
829 1791 930 1845 quid
963 1790 1016 1831 ad
1048 1803 1255 1844 quemque
1294 1803 1465 1829 versum
1506 1787 1549 1827 in
1584 1785 1725 1827 codice
1766 1784 1837 1825 ad-

144 1866 350 1919 scriptum
383 1866 496 1905 esset
529 1865 720 1905 seorsum
752 1861 951 1903 indicavi.
1009 1860 1173 1901 duabus
1207 1859 1390 1900 maxime
1431 1858 1480 1899 de
1520 1857 1659 1898 causis
1692 1855 1735 1896 id
1766 1869 1835 1895 ne-

148 1935 381 1978 cessarium
419 1934 656 1976 videbatur.
712 1933 896 1987 primum
938 1931 1051 1972 enim
1087 1929 1242 1972 Daniel
1282 1945 1302 1971 e
1343 1928 1558 1971 Servianis
1596 1942 1682 1968 non
1720 1926 1837 1967 nulla

145 2008 245 2062 quia
276 2007 321 2047 in
352 2006 433 2047 hoc
464 2005 574 2046 libro
608 2005 763 2046 desunt
794 2007 1012 2057 tamquam
1048 2002 1186 2043 aliena
1219 2001 1394 2054 abiecit,
1427 1999 1576 2040 deinde
1609 1999 1666 2051 ei,
1699 2012 1723 2038 a
1751 1997 1837 2051 qui-

143 2079 222 2119 bus
256 2080 355 2132 post
388 2090 545 2117 annum
583 2076 694 2116 1600
728 2074 922 2116 Serviani
955 2073 1252 2115 commentarii
1285 2072 1387 2113 editi
1421 2073 1536 2123 sunt,
1570 2084 1663 2110 cum
1684 2068 1838 2111 Danie-

144 2149 220 2190 lini
265 2147 519 2201 exemplaris
564 2147 750 2188 rationes
791 2160 877 2186 non
909 2143 1246 2198 perspexissent,
1292 2142 1458 2196 aliquot
1500 2140 1604 2182 loeis
1642 2139 1835 2180 Parisina

145 2223 187 2261 et
219 2218 451 2260 Fuldensia
484 2218 665 2271 scholia,
700 2231 959 2271 quamquam
999 2215 1145 2256 eadem
1179 2216 1290 2268 sunt,
1322 2213 1445 2267 quasi
1479 2211 1647 2252 diversa
1684 2212 1838 2250 tracta-

146 2295 311 2333 verunt.
368 2289 419 2330 de
451 2289 569 2330 tertii
602 2291 644 2329 et
670 2302 815 2329 eorum
849 2287 920 2342 qui
954 2288 1189 2341 sequuntur
1215 2285 1424 2326 librorum
1452 2281 1702 2324 commentis
1729 2280 1837 2320 nihil

147 2361 329 2403 enotavi.
383 2375 483 2401 nam
522 2374 616 2400 cum
661 2359 874 2413 pleniores
914 2358 1096 2411 codices,
1140 2355 1456 2397 Floriacensem
1494 2354 1587 2394 dico
1628 2354 1669 2393 et
1707 2351 1837 2391 Turo-

146 2447 322 2474 nensem
361 2433 403 2472 et
440 2429 877 2482 Autissiodorensem,
916 2431 958 2469 et
998 2427 1169 2468 Danieli
1215 2429 1257 2467 et
1300 2426 1423 2467 nobis
1468 2426 1639 2478 praesto
1681 2421 1839 2462 fuerint

147 2504 346 2556 excerpta
384 2501 459 2542 illa
497 2501 695 2554 exiguam
733 2499 965 2540 utilitatem
1006 2498 1186 2551 habent,
1232 2512 1324 2539 cum
1364 2494 1617 2550 praesertim
1651 2495 1839 2534 extrema

146 2574 246 2615 libri
279 2588 378 2627 pars
411 2570 791 2627 neglegentissime
833 2569 990 2623 scripta
1024 2570 1091 2610 sit.
1147 2569 1257 2610 falso
1298 2570 1440 2609 autem
1472 2567 1515 2606 in
1549 2578 1696 2606 museo
1728 2563 1837 2603 Rho-

146 2659 260 2686 nano
294 2643 320 2683 1.
352 2643 378 2683 1.
410 2642 522 2684 hunc
555 2655 721 2695 quoque
754 2640 941 2700 codicem
975 2640 1077 2681 olim
1105 2639 1330 2680 Fuldensis
1357 2637 1548 2679 thesauri
1580 2635 1712 2676 fuisse
1740 2633 1839 2674 dixi.

148 2715 221 2756 sed
261 2713 452 2755 excusari
490 2726 616 2766 posse
655 2711 811 2753 videor.
866 2701 967 2752 nani
1006 2726 1100 2752 cum
1141 2710 1295 2751 Daniel
1338 2710 1382 2750 in
1420 2708 1534 2749 edita
1572 2705 1838 2759 praefatione

149 2785 201 2827 ad
232 2784 397 2838 priores
437 2784 541 2824 duos
576 2782 787 2824 Aeneidos
828 2783 962 2824 libros
996 2782 1196 2823 Fuldensi
1237 2796 1280 2822 se
1319 2795 1443 2821 usum
1483 2792 1573 2819 esse
1612 2775 1765 2816 dixerit
1799 2776 1840 2814 et

149 2855 293 2898 omnia.
326 2854 618 2895 additamenta
657 2854 843 2907 quinque
874 2853 941 2894 vel
975 2868 1047 2893 sex
1078 2852 1165 2893 fere
1199 2851 1386 2905 exceptis
1420 2865 1468 2890 ex
1502 2847 1697 2889 Parisino
1732 2844 1839 2899 peti-

148 2926 277 2979 verit,
310 2925 401 2966 fieri
433 2939 519 2965 non
545 2926 717 2977 poterat
748 2924 850 2978 quin
882 2924 925 2964 in
957 2938 1052 2964 eum
1082 2937 1268 2963 errorem
1295 2921 1533 2971 inducerer,
1566 2931 1700 2972 neque
1726 2916 1836 2956 enini

150 2998 224 3037 aut
263 2994 444 3048 scriptos
483 2993 763 3047 praefationis
803 2993 1131 3035 commentarios
1173 2997 1246 3035 aut
1283 2991 1584 3033 Fabricianum
1624 2987 1839 3039 exemplar

149 3065 349 3107 videram.
411 3064 454 3105 in
496 3064 576 3105 hoc
618 3063 858 3104 Parisinum
899 3062 1053 3104 Daniel
1095 3063 1262 3116 saepius
1306 3058 1656 3101 commemoravit
1701 3060 1743 3097 et
1782 3057 1841 3096 ita

153 3136 322 3190 quidem
354 3137 401 3176 ut
432 3138 618 3176 veterem
659 3149 779 3175 suum
821 3134 1005 3175 codicem
1052 3136 1126 3174 aut
1163 3132 1347 3174 codicem
1390 3130 1453 3171 Ἥ.
1488 3128 1550 3170 G?
1589 3128 1841 3169 nominaret.

1859 651 2013 675 Parisinus

1900 688 1974 711 17:70.
