2204 3437
500 260 503 263 ·
563 247 713 283 COMM.
738 248 790 282 IN
817 247 957 284 VERG.
983 248 1093 283 AEN.
1121 248 1181 284 IV.
1209 253 1405 284 217-228,
1744 251 1829 292 505

255 355 352 396 223.
410 372 521 399 VADE.
549 373 624 397 ΜΕ
653 357 827 410 smyulis
856 357 984 398 verbis
1014 360 1050 397 et
1079 357 1262 407 iubentis,
1288 361 1335 398 w}
1366 358 1525 408 ‘va(l(²';
1559 363 1594 400 et
1618 359 1829 409 lemmatis,

137 429 183 465 ut
214 424 348 478 ‘aye';
381 430 419 467 ct
449 427 702 481 blcmdiemis,
733 431 778 468 ut
810 426 943 468 ‘warte'
975 428 1169 480 eoepressit
1198 428 1412 479 adfectmn.
1509 441 1631 470 voCA
1663 442 1828 471 mium*-

138 507 223 538 ROS
263 499 337 538 aut
374 498 528 552 quibus
573 497 741 539 Aeneas
780 498 972 553 naviget:
1017 498 1125 539 unde
1165 500 1229 539 est
1268 499 1411 552 0362>
1450 514 1540 540 nec
1578 501 1829 555 zephyros

141 566 284 608 audis
325 568 526 622 spirare
565 568 830 610 secundos:
876 572 949 610 aut
988 569 1059 624 qui
1096 569 1255 610 vehant
1292 568 1565 624 Mercurium,
1602 573 1650 611 ut
1689 572 1830 625 <257>

140 640 427 692 ventosque
461 639 687 693 secabat,
719 639 823 680 item
863 640 1004 693 <241>
1036 640 1210 694 rapido
1248 640 1447 694 pariter
1480 655 1584 681 cum
1618 641 1830 683 flamine
1856 672 1868 681 .⁷

139 711 361 762 portant.

255 779 352 820 224.
402 796 715 826 DARDANIVMQVE
738 797 872 822 orem!
900 782 996 822 ordo
1032 784 1090 823 est
1133 780 1497 835 ‘Dardaniumque
1539 784 1676 824 cilicem
1719 784 1830 825 adlo—

139 849 290 902 querc'.
410 862 546 891 TYRIA
581 862 877 892 CARTHAGINE
909 853 1028 905 quasi
1057 852 1224 907 honam,
1261 854 1321 893 ita
1352 854 1506 894 civitati
1537 854 1732 906 epitheton
1756 869 1830 907 pa-

138 921 264 961 trium
295 921 411 962 dedit.
457 920 733 975 ‘Cao-thayiue'
766 926 899 964 autem
931 938 1007 977 pro
1036 921 1339 979 <Carthagini':
1373 926 1414 965 et
1445 939 1520 978 pro
1554 925 1755 966 adverbio
1788 928 1831 967 in

138 992 246 1045 loco,
273 990 324 1033 de
350 992 444 1033 loco
476 992 633 1046 posuit.
685 993 744 1034 sic
763 992 970 1035 Horatius
1002 993 1160 1036 Roma
1192 994 1348 1035 Tibur
1381 1009 1555 1049 amem,
1587 999 1829 1037 ventosus

137 1062 325 1104 Tibure
357 1062 560 1104 Romam
598 1078 674 1116 pro
709 1062 902 1105 ‘Tiburi'

252 1123 366 1174 225(
400 1145 639 1174 EXPECTAT
672 1137 883 1188 moratur,
916 1134 1070 1176 deterit
1109 1139 1289 1189 tempus.
1411 1154 1487 1179 NON
1512 1154 1685 1178 Jelcspmr
1715 1154 1831 1179 ramos

135 1217 217 1245 non
248 1205 404 1258 eoquat,
436 1218 527 1245 cum
557 1204 676 1246 illum
706 1218 858 1247 necesse
887 1206 941 1247 sit
971 1207 1027 1247 α-(Ζ
1056 1206 1230 1247 Italiam
1261 1208 1465 1261 naviyao'c.

254 1275 351 1316 226.
404 1292 570 1317 CELERES
593 1289 671 1328 pro
704 1275 844 1317 ‘celer’
875 1278 935 1318 vel
967 1276 1195 1320 ‘colomeo-².

253 1346 350 1387 227.
400 1357 496 1388 NON
528 1358 673 1387 ILLVM
705 1359 839 1389 NOBIS
871 1345 979 1390 κατὰ
1010 1346 1058 1390 τὸ
1093 1347 1380 1404 σιωπώμενον
1413 1350 1717 1405 intellegimus.

135 1428 465 1458 PVLCHERRIMA
498 1417 718 1471 epitheton
750 1421 1021 1474 perpetuum,
1054 1434 1130 1462 nec
1163 1420 1214 1461 ad
1252 1435 1453 1474 praesens
1486 1421 1704 1475 negotium
1737 1436 1830 1474 per-

136 1488 290 1530 tinens.

253 1560 349 1601 228.
400 1571 671 1610 GRAIVMQVE
710 1572 819 1602 IDEo
861 1572 930 1602 Bis
963 1572 1189 1602 VINDICAT
1230 1573 1368 1603 ARMIS
1417 1561 1491 1602 alii
1531 1562 1678 1603 dicunt
1719 1561 1828 1603 ‘bis'

138 1631 268 1671 semel
301 1646 325 1671 a
355 1630 575 1672 Diomedis
610 1631 819 1686 singulari
852 1632 1099 1686 certamine,
1136 1633 1182 1673 m
1218 1647 1294 1686 qno
1334 1647 1361 1674 α
1391 1632 1586 1674 Diomede
1614 1647 1829 1686 percussus

139 1705 196 1742 est
225 1715 346 1743 saxo:
379 1702 591 1744 Iuvenalis
622 1702 730 1755 <XV
764 1703 845 1757 66>
877 1704 948 1745 vel
978 1718 1067 1756 quo
1102 1704 1313 1758 Tydides
1343 1705 1591 1756 percussit
1614 1706 1828 1757 pondere
1854 1718 1861 1729 ⁶

135 1786 300 1813 coxam
337 1773 550 1814 Aeneae:
590 1779 630 1814 et
667 1773 769 1814 item
810 1774 853 1814 in
893 1774 1072 1828 excidio,
1119 1774 1229 1815 sicut
1267 1775 1451 1829 legimus
1491 1775 1563 1829 <II
1596 1776 1708 1830 632>
1746 1776 1827 1817 de—

135 1843 317 1885 scendo
352 1857 406 1884 ac
437 1844 658 1886 ducente·
683 1845 773 1886 deo
805 1848 844 1885 et
868 1844 938 1897 <H
965 1846 1077 1900 664>
1109 1846 1192 1887 hoc
1223 1849 1329 1887 crat
1358 1846 1489 1887 alma
1511 1860 1708 1899 parens.
1753 1848 1828 1888 alii

136 1914 282 1955 dicunt
333 1916 509 1968 propter
558 1914 778 1956 Diomedis
829 1919 871 1956 et
923 1916 1103 1958 Achillis
1154 1917 1387 1958 certamina
1436 1917 1681 1971 singularia.
1756 1918 1828 1959 sed

135 1985 303 2039 quando
337 2000 431 2026 cum
464 1985 634 2027 Achille
666 1985 898 2040 dimicavit,
931 2001 956 2027 a
986 1986 1188 2041 Neptuno
1221 1988 1430 2029 liberatus
1463 1990 1549 2029 est:
1586 1991 1731 2042 potest
1767 1991 1827 2030 ta—

140 2071 237 2097 men
268 2056 351 2097 hoc
381 2071 457 2110 pro
490 2055 656 2097 Venere
688 2056 849 2098 factum
882 2057 1034 2098 videri:
1073 2058 1133 2099 sic
1169 2060 1277 2099 cuim
1308 2058 1413 2100 Iuno
1452 2059 1638 2113 imputat
1670 2059 1827 2100 Veneri
1879 2070 1892 2098 Γ

135 2126 248 2181 quod
292 2142 367 2181 pro
413 2142 461 2168 ea
506 2128 667 2169 factum
711 2130 776 2169 est
816 2129 949 2170 dicens
991 2128 1057 2181 <X
1091 2129 1174 2182 83>
1220 2134 1269 2171 et
1317 2133 1466 2184 potes
1519 2130 1570 2171 in
1612 2130 1826 2172 totidem

137 2199 330 2240 classes
364 2201 663 2240 convertere
695 2200 956 2254 nymphas.
1006 2202 1150 2254 potest
1176 2201 1306 2242 etiam
1338 2205 1375 2242 ct
1405 2201 1516 2242 alter
1543 2216 1690 2242 sensus
1718 2216 1827 2243 esse:

137 2284 238 2310 nam
271 2269 398 2311 Troia
430 2273 557 2311 antea
589 2270 642 2310 ab
674 2269 876 2325 Hercule,
909 2270 982 2325 qui
1014 2273 1057 2311 et
1095 2271 1185 2325 ipse
1220 2270 1405 2313 Graecus
1443 2272 1542 2326 fuit,
1581 2275 1706 2326 capta
1744 2276 1826 2314 est:

135 2343 184 2382 ut
215 2340 517 2395 intellegamus
550 2341 636 2382 iam
667 2344 768 2382 tunc
801 2340 989 2382 Aeneam
1019 2344 1169 2383 natum
1202 2342 1350 2384 fuisse:
1390 2358 1466 2385 nec
1499 2343 1611 2384 enim
1644 2343 1826 2384 multum

136 2415 304 2466 tempus
343 2411 559 2463 interfuit,
598 2426 694 2453 cum
732 2415 898 2454 constet
938 2412 1109 2455 Priamo
1147 2416 1250 2455 tunc
1288 2415 1340 2456 ab
1379 2414 1560 2456 Hercule
1599 2414 1825 2468 imperium

233 2532 274 2562 10
299 2528 487 2574 Horatius]
515 2539 572 2573 ep.
599 2529 614 2562 Ι
641 2533 672 2573 8,
702 2533 742 2563 12

232 2639 248 2668 1
277 2635 326 2669 acl
351 2635 443 2669 vade
468 2646 567 2679 supr.
594 2646 680 2669 vers.
707 2634 883 2678 iubentis,
911 2636 959 2670 ad
987 2635 1096 2681 ‘age’
1125 2637 1323 2682 hortantis,
1359 2637 1407 2671 ad
1435 2636 1561 2671 ‘nate’
1590 2636 1825 2681 blandientis,

135 2682 183 2716 acl
210 2682 418 2726 ‘zephyros'
448 2682 579 2726 quibus
604 2682 763 2727 porteris
794 2683 850 2726 ΤΙΙ
871 2683 1027 2717 ortantis
1055 2684 1120 2728 Fu
1139 2689 1160 2718 4
1186 2686 1273 2728 quia
1297 2685 1484 2719 uehebant
1508 2684 1546 2717 F
1562 2685 1573 2728 ΙΙ
1593 2688 1612 2717 S
1639 2685 1687 2718 <ab
1714 2685 1825 2728 Tyria

136 2728 360 2773 Carthagine
385 2741 485 2773 supr.
511 2741 596 2764 vers.
625 2730 790 2774 epiteton
814 2731 1029 2774 praeposuit
1060 2732 1115 2765 uti
1146 2732 1284 2766 homiui
1316 2727 1360 2765 T'
1376 2733 1387 2776 ΙΙ
1419 2732 1471 2765 ita
1496 2733 1644 2774 script-13:
1671 2731 1763 2765 itata
1789 2732 1827 2764 Jvv

135 2775 249 2811 iratus
275 2776 412 2811 Daniel
431 2778 576 2821 primus
594 2777 606 2820 Η
632 2781 651 2810 9
679 2789 745 2821 pro
772 2788 836 2811 om.
864 2777 902 2811 F
919 2779 930 2822 ΙΙ
956 2778 1142 2823 kartagini
1168 2779 1201 2813 L
1239 2779 1472 2822 carthaginia
1499 2779 1536 2811 ΙΙ
1555 2780 1566 2822 ΙΙ
1594 2783 1635 2811 1⁴)
1662 2790 1762 2812 amas
1789 2779 1828 2812 F

135 2835 282 2858 amnem
307 2824 341 2857 L
377 2835 524 2868 amnem
550 2825 595 2858 M
615 2824 626 2868 ΙΙ
646 2824 797 2869 Tibure]
825 2825 955 2859 tubure
981 2826 1014 2858 L
1033 2827 1044 2870 Η
1066 2830 1107 2859 12
1134 2828 1182 2861 ad
1207 2838 1279 2861 non
1305 2826 1456 2870 respicit
1479 2826 1586 2860 urbes
1612 2837 1709 2868 supr.
1736 2837 1822 2859 vers.

136 2871 206 2905 hoc
233 2873 287 2905 est
313 2882 385 2906 non
412 2871 553 2916 cogitat
579 2871 675 2915 quod
702 2882 848 2906 necesse
875 2872 924 2906 sit
949 2883 1031 2907 eum
1056 2873 1232 2918 nauigare
1259 2874 1304 2908 ad
1330 2873 1473 2907 italiam
1505 2873 1561 2916 ΤΗ
1589 2878 1629 2906 13
1657 2872 1823 2915 nauigari

137 2918 176 2951 F
191 2919 204 2961 ΙΙ
225 2922 266 2952 19
292 2918 330 2952 in
356 2930 427 2962 quo
450 2947 457 2954 .
475 2947 480 2953 .
496 2947 504 2955 .
525 2921 671 2953 Aeneae
697 2919 809 2953 edidit
835 2919 1041 2963 Stephanus
1059 2922 1070 2964 ΙΙ
1090 2924 1132 2954 21
1160 2932 1292 2955 aeneas
1318 2921 1356 2954 1st
1372 2921 1384 2964 ll
1404 2921 1441 2953 et
1466 2920 1570 2963 item}
1598 2919 1731 2953 iterum
1759 2920 1797 2952 ]¹'
1814 2920 1823 2956 ἶ,

138 2969 181 2998 22
209 2976 251 2999 ac
278 2965 434 3000 ducente
462 2966 515 3000 F:
542 2965 746 3000 abducente
768 2965 862 2999 NM
887 2967 928 3000 in
946 2978 1017 3002 ras.
1040 2968 1051 3001 l
1089 2968 1315 3002 eabducente
1341 2968 1468 3011 111123
1495 2966 1710 3010 singularia}
1739 2978 1822 3000 con>

138 3013 197 3046 tra
217 3013 364 3046 Aenean
389 3014 472 3049 aad.
492 3014 630 3047 Daniel
648 3014 660 3057 Η
679 3017 723 3046 24
750 3013 926 3047 liberatus
953 3015 1023 3059 est]
1051 3015 1198 3058 quando
1225 3026 1307 3048 cum
1328 3014 1503 3048 Diomede
1530 3026 1552 3047 a
1575 3013 1712 3047 Venere
1739 3015 1821 3049 add.

139 3058 275 3094 Daniel
300 3060 312 3103 ΙΙ
337 3063 380 3093 25
407 3060 477 3095 hoc
502 3071 569 3105 pro
597 3059 753 3105 Venere]
782 3060 879 3103 quod
904 3072 969 3105 pro
995 3072 1127 3096 uenere
1154 3064 1195 3095 fit
1220 3074 1242 3096 a
1266 3072 1397 3095 uenere
1425 3061 1463 3094 F
1479 3062 1490 3104 ΙΙ
1516 3061 1598 3104 hoc]
1627 3061 1723 3104 quod
1750 3061 1789 3094 ll
1822 3072 1823 3103 3

140 3105 264 3140 uidere
291 3107 424 3151 111126
451 3107 503 3152 et]
531 3109 572 3141 ut
597 3106 677 3141 NL
687 3108 725 3140 11
736 3108 781 3140 M
800 3107 812 3151 ΙΙ
830 3108 928 3152 potis
948 3108 987 3142 F
1022 3111 1145 3153 potest
1169 3109 1256 3142 NJ!
1293 3110 1471 3153 potessssgf
1494 3108 1526 3141 L
1554 3109 1661 3150 (dnae
1687 3109 1824 3142 litterae

139 3153 282 3197 deletae)
308 3155 432 3198 potest
457 3155 469 3189 l
505 3155 543 3188 in
568 3155 731 3189 omittens
749 3155 761 3198 ΙΙ
786 3158 829 3188 28
857 3156 941 3190 ante
968 3156 1001 3189 L
1019 3158 1030 3200 ΙΙ
1056 3160 1099 3189 29
1125 3168 1192 3190 nec
1219 3183 1226 3190 .
1250 3184 1256 3190 .
1279 3183 1285 3189 .
1313 3155 1470 3199 constet]
1500 3167 1566 3189 nec
1593 3154 1688 3189 enim
1715 3156 1820 3189 multi

135 3200 312 3244 temporis
336 3200 408 3235 fuit
432 3212 515 3236 cum
541 3201 691 3245 conplet
717 3201 755 3235 F

1858 653 1875 679 Γ)

1858 1006 1900 1035 10

1852 2432 1896 2461 30
