2204 3437
389 166 475 209 584
1155 158 1313 196 SERVII

384 290 507 329 quam
539 274 644 316 stetit
677 272 801 314 Troia
834 272 1012 325 duraret,
1043 285 1113 312 nec
1144 269 1343 311 Priamus
1373 270 1466 308 ante
1496 267 1602 308 idem
1628 267 1781 318 tempus
1799 264 1973 317 periret:
2005 275 2082 316 quo

379 346 588 400 praesidio
613 344 900 397 praetermisso
924 342 1218 395 propayandae
1252 339 1455 380 Troianae
1486 336 1771 378 incolomitatis
1796 335 1969 376 extincta
1994 347 2083 374 con-

385 418 489 459 dicio
520 419 597 458 est:
629 418 665 456 et
694 414 765 456 hoc
795 417 852 455 est
882 414 988 466 quod
1018 413 1077 453 ait
1110 409 1246 465 <VIII
1278 409 1392 462 396>
1433 407 1602 450 ‘similis
1632 407 1669 448 si
1699 420 1799 447 cura
1827 403 2015 458 fuisset';
2048 406 2086 445 et

385 488 491 541 quod
520 487 619 528 dicit
650 485 735 538 ‘fas
765 483 902 526 nobis’
939 487 976 525 et
1013 483 1186 535 reliqua,
1229 480 1301 522 hoc
1340 483 1396 522 est
1424 493 1501 532 per
1534 478 1626 531 fata
1670 478 1861 530 licuisset,
1904 476 1942 517 si
1978 476 2085 516 enim

341 569 360 599 5
387 558 502 611 nefas
532 560 589 600 est
619 557 778 598 obviare
805 556 918 610 fatis,
947 555 1014 607 fas
1039 557 1097 595 est
1120 566 1235 594 omne
1259 552 1366 605 quod
1381 550 1636 604 permittente
1659 548 1842 601 fatorum
1869 547 1947 600 leye
1965 558 2085 601 prae-

385 633 530 672 statur.
591 641 681 681 eryo
713 641 853 669 sensus
882 626 947 667 hic
978 628 1057 667 est:
1089 638 1205 674 cura,
1236 637 1338 676 quae
1370 622 1442 663 tibi
1473 634 1581 662 nunc
1612 622 1684 673 est,
1722 619 1760 660 si
1797 621 1926 659 stante
1961 616 2087 658 Troia

384 702 545 755 fuisset,
589 699 750 740 armari
785 698 919 752 filium
958 700 1070 737 tuum
1108 694 1211 735 mihi
1236 708 1311 747 per
1344 693 1436 745 fata
1469 692 1659 741 licuisset,
1690 692 1857 742 propter
1887 688 2086 728 rationem

386 772 535 814 scilicet
564 770 853 812 condicionalis
881 768 974 820 fati,
1005 770 1042 807 et
1070 767 1197 806 vitam
1229 764 1393 805 Priami
1423 767 1460 804 et
1489 776 1614 815 reyna
1649 761 1795 802 Troiae
1826 763 1910 800 tam
1941 758 2086 811 Iuppi-

389 846 447 884 ter
488 857 612 896 quam
653 842 744 894 fata
788 842 1022 891 servassent,
1066 851 1155 878 cum
1198 836 1271 877 hoc
1308 834 1452 876 decreti
1489 833 1668 874 condicio
1709 831 1935 872 contineret.
1996 842 2086 882 ergo

322 923 363 954 10
391 914 494 957 ‘stat
522 927 599 955 sua
629 913 768 965 cuique
799 908 903 952 clies'
936 911 1010 950 aut
1039 907 1317 949 demmtiativo
1347 905 1434 957 fato
1465 907 1502 944 et
1525 903 1789 944 mutationem
1814 902 1978 942 omnino
2004 913 2087 940 non

389 987 545 1039 recipit,
573 988 646 1025 aut
675 981 944 1024 condicionali
974 983 1021 1030 et,
1053 979 1089 1020 si
1120 981 1301 1019 eventum
1333 976 1507 1016 alterum
1542 987 1660 1015 casus
1685 972 1887 1022 adtulerit,
1919 984 2001 1012 non
2026 983 2089 1011 ea:-

383 1060 546 1110 pectata
576 1057 640 1097 die
670 1054 922 1097 adceleratur
951 1051 1163 1091 interitus:
1200 1049 1306 1101 quod
1335 1060 1425 1100 eryo
1462 1045 1569 1087 dimit
1606 1044 1726 1085 ‘nam
1761 1044 1860 1096 quia
1898 1056 1967 1083 nec
2001 1042 2089 1094 fato

391 1129 537 1169 merita
574 1140 645 1168 nee
676 1128 800 1166 morte
831 1121 1026 1178 peribas,
1063 1121 1155 1163 nolo
1192 1120 1311 1161 illum
1346 1121 1461 1172 putes
1497 1117 1688 1158 universa
1724 1115 1987 1167 confundere:
2025 1113 2090 1154 illi

392 1200 499 1241 enim
530 1199 723 1240 dicuntur
753 1210 835 1237 non
858 1196 946 1247 fato
971 1194 1109 1247 perire
1138 1192 1208 1233 sed
1237 1191 1389 1244 merito,
1421 1190 1491 1242 qui
1527 1188 1712 1229 maxima
1743 1187 1788 1227 in
1819 1187 1909 1227 deos
1939 1188 1976 1225 et
2006 1197 2090 1225 non

323 1279 364 1309 15
392 1271 631 1324 iynoscencla
663 1268 927 1320 committunt,
958 1269 1005 1306 ut
1035 1264 1292 1312 Salmoneus,
1330 1265 1375 1302 ut
1411 1262 1654 1312 contemptor
1684 1259 1821 1299 divum
1852 1256 2090 1306 Mezentius,

391 1345 437 1382 ut
470 1341 624 1394 Tityus,
655 1342 702 1380 ut
731 1338 878 1380 Ixion:
922 1350 1021 1389 quos
1058 1336 1096 1377 si
1123 1335 1211 1387 fato
1254 1333 1406 1374 dixeris
1449 1331 1649 1384 emicasse,
1687 1329 1949 1382 puryaveris‚·
1992 1340 2091 1368 nam

391 1413 462 1467 qui
493 1412 684 1453 excedunt
715 1408 974 1462 delinquendi
1011 1407 1175 1448 modum
1214 1406 1292 1459 ipsi
1328 1404 1408 1446 sibi
1437 1416 1614 1456 poenam
1651 1401 1858 1454 sanciunt,
1894 1412 2018 1453 quam
2054 1398 2092 1439 si

390 1484 493 1537 fatis
523 1482 797 1536 inputandam
821 1479 1043 1533 putaveris,
1074 1490 1241 1519 excusas
1268 1478 1566 1529 peremptorum
1597 1476 1766 1514 reatum.
1820 1471 1891 1512 hoc
1921 1474 1978 1512 est
2001 1483 2091 1523 erqo

392 1556 500 1608 quod
528 1555 626 1596 dicit
657 1552 778 1594 ‘nam
808 1552 905 1604 quia
937 1563 1006 1592 nec
1034 1547 1156 1602 fato’,
1188 1548 1233 1589 id
1255 1550 1313 1588 est
1337 1545 1626 1596 denuntiatum,
1653 1543 1821 1584 ‘inerita
1845 1555 1915 1583 nec
1939 1539 2092 1590 morte’,

323 1635 367 1666 20
392 1627 439 1668 id
467 1629 524 1668 est
552 1625 665 1667 nullo
696 1624 860 1665 inmani
890 1622 1059 1663 crimine
1083 1619 1312 1669 commisso,
1343 1618 1412 1659 sed
1443 1616 1613 1658 ‘misera
1642 1618 1736 1656 ante
1766 1611 1905 1666 diem’‚
1936 1612 2008 1653 hoc
2037 1614 2095 1653 est

393 1712 475 1739 uno
506 1698 552 1739 de
583 1693 926 1737 condicionalibus
955 1692 1057 1744 fatis
1086 1694 1261 1733 statuto:
1292 1689 1329 1731 si
1357 1688 1562 1738 Troianae
1592 1687 1734 1728 classis
1758 1699 1840 1727 non
1865 1684 2094 1737 contiyisset

396 1769 601 1810 adventus.

514 1838 611 1880 697.
661 1849 745 1879 SED
778 1847 948 1878 MISERA
980 1846 1102 1876 ANTE
1136 1845 1250 1875 DIEM
1294 1847 1379 1874 non
1421 1835 1485 1874 001
1530 1830 1789 1872 contrarium
1834 1826 1945 1882 quod
1990 1826 2094 1867 dicit

398 1911 440 1951 in
475 1909 636 1951 decimo
669 1908 810 1961 <467>
844 1910 951 1948 0131
983 1921 1071 1948 0113
1103 1906 1282 1960 cuique
1321 1904 1449 1945 dies:
1491 1917 1610 1955 nam,
1647 1904 1695 1942 111
1732 1914 1858 1954 saepe
1897 1898 2094 1951 diximus,

328 1991 370 2021 25
400 1981 630 2023 secundum
666 1981 803 2020 000130
843 1979 1048 2033 loquitur3
1088 1980 1130 2018 01
1167 1976 1246 2017 hoc
1287 1973 1515 2016 secundum
1555 1972 1679 2027 alios7
1717 1971 1822 2012 illud
1862 1968 2093 2011 secundum

398 2053 505 2094 alios
538 2051 698 2092 dictum
731 2053 807 2091 001.
869 2062 1126 2103 quamquam
1158 2045 1466 2101 grammaticae
1504 2042 1771 2098 responsioni
1809 2040 1946 2095 possit
1978 2038 2093 2080 suffi-

399 2137 492 2164 cere
513 2122 680 2164 omnia
703 2120 866 2163 vincit
892 2134 1040 2161 amor.
1081 2120 1147 2170 [01
1172 2132 1263 2159 nos
1291 2116 1523 2159 cedamus
1551 2113 1728 2165 amori]
1820 2128 1973 2154 FVRORE
1996 2110 2095 2163 quia

391 2195 545 2248 pudica
580 2195 621 2234 in
652 2206 831 2234 amorem
863 2192 1083 2232 devenerat.
1111 2205 1114 2208 ⁴

519 2265 614 2306 698.
664 2275 851 2305 FLAVVM
885 2273 1059 2304 CRINEM
1093 2259 1299 2301 matronis
1331 2272 1563 2312 numquam
1594 2256 1705 2297 flava
1742 2269 1863 2297 coma
1901 2252 2096 2306 dabatur,

496 2399 539 2429 27
568 2394 706 2439 01111113]
735 2393 816 2428 buc.
844 2392 875 2426 X
903 2395 945 2426 69

497 2517 516 2547 2
550 2511 721 2558 praesido
749 2510 788 2544 F
822 2512 833 2555 ΙΙ
870 2508 1132 2554 propagandae
1163 2507 1210 2541 T:
1241 2505 1514 2551 praepaiandae
1541 2504 1580 2538 F
1620 2501 1898 2548 praeparandae
1925 2499 2061 2535 Daniel
2084 2499 2096 2544 Η

403 2560 575 2595 0011113110
604 2559 643 2593 F
659 2560 670 2603 ΙΙ
696 2563 715 2593 3
743 2557 822 2603 agit
850 2557 881 2591 T
898 2558 910 2602 ΙΙ
930 2556 976 2602 01]
1004 2567 1040 2590 00
1068 2554 1107 2589 F
1122 2556 1134 2599 ΙΙ
1163 2558 1182 2589 5
1208 2554 1383 2599 permitte
1410 2552 1449 2586 F
1464 2553 1477 2597 u
1503 2556 1520 2586 7
1548 2552 1631 2594 fort.
1659 2561 1801 2584 armare
1820 2551 1832 2594 ΙΙ
1850 2550 1955 2583 11111111
1980 2547 2096 2582 filium

407 2608 438 2642 T
454 2610 466 2653 Η
488 2612 528 2641 11
556 2608 666 2642 kasus
694 2605 733 2640 F
748 2606 760 2650 ΙΙ
780 2604 949 2639 attulerit
978 2603 1035 2647 ΤΗ
1055 2602 1250 2647 expectata
1274 2601 1420 2644 scripsi:
1450 2600 1617 2644 spectata
1646 2598 1677 2631 T
1708 2599 1836 2642 specta
1862 2595 1901 2630 F
1931 2595 1986 2629 ins
2016 2597 2098 2628 ecta

405 2656 539 2689 Daniel
558 2656 570 2700 ΙΙ
597 2659 639 2688 12
667 2652 893 2688 acceleratur
923 2651 954 2685 T
977 2653 988 2695 ΙΙ
1016 2654 1056 2684 13
1085 2649 1215 2683 merito
1242 2648 1281 2682 F
1302 2649 1314 2692 ΙΙ
1341 2652 1382 2682 15
1410 2646 1611 2682 salmonius
1639 2645 1718 2679 FT
1740 2645 1752 2689 ΙΙ
1784 2648 1825 2679 16
1851 2642 1957 2677 1111110
2032 2641 2064 2675 T
2086 2640 2098 2686 Η

404 2702 580 2748 purgabis
605 2702 636 2735 T
672 2699 893 2745 pugnaveris
916 2698 1154 2733 Commclinus
1169 2697 1313 2740 primus
1331 2697 1343 2740 ΙΙ
1365 2699 1405 2729 17
1428 2692 1639 2737 delinquedi
1659 2692 1698 2726 F
1713 2693 1726 2737 ΙΙ
1749 2695 1789 2726 18
1810 2689 2011 2735 puticueris
2033 2688 2070 2722 F

405 2761 556 2784 excuras
583 2748 621 2783 F
637 2750 649 2793 ΙΙ
674 2746 969 2793 perimendorum
1002 2745 1033 2779 T
1056 2746 1068 2789 u
1098 2748 1139 2778 19
1167 2743 1387 2777 denunciato
1414 2741 1454 2776 F
1488 2740 1704 2775 denuntiato
1735 2739 1781 2781 T,
1808 2749 1897 2773 corr.
1925 2736 2062 2771 Daniel

406 2801 447 2832 21
476 2798 574 2831 huno
602 2795 641 2830 F
668 2797 680 2840 ΙΙ
711 2793 986 2829 concionalibus
1013 2792 1051 2826 F
1078 2792 1090 2836 ΙΙ
1122 2792 1245 2825 0131110
1275 2790 1312 2824 F
1340 2792 1351 2834 ΙΙ
1383 2794 1426 2824 25
1453 2788 1653 2823 secundum
1679 2785 1825 2821 lucretii
1851 2784 1967 2819 sectas
1996 2783 2062 2817 Ml

406 2847 443 2879 01
467 2845 537 2878 hoc
566 2871 572 2877 .
601 2872 607 2879 .
637 2870 642 2876 .
671 2843 809 2876 dictum
836 2842 906 2885 est]
940 2841 978 2875 01
1002 2840 1072 2874 1100
1098 2837 1295 2872 secundum
1325 2837 1418 2871 alios
1444 2836 1584 2870 dictum
1611 2836 1681 2877 001,
1718 2832 1916 2878 Epicureos
1945 2829 2098 2872 00111001,

407 2893 448 2926 ut
473 2891 624 2925 inferius
651 2890 688 2924 in
714 2890 857 2924 decimo
885 2887 1023 2922 dicium
1051 2887 1107 2921 001
1133 2884 1331 2919 Fabricius
1370 2886 1407 2918 01
1432 2883 1502 2918 hoc
1528 2882 1727 2917 secundum
1753 2880 1861 2922 alios,
1898 2878 2098 2922 Epicureos

408 2938 566 2980 00111001,
593 2937 685 2971 illud
712 2936 909 2971 secundum
937 2934 1046 2977 alios,
1074 2932 1216 2967 Stoicos
1244 2931 1434 2975 nimirum,
1461 2929 1601 2964 dictum
1629 2931 1684 2963 001
1711 2927 1915 2961 BIasvicius
1945 2926 1957 2969 ΙΙ
1988 2923 2097 2969 illud]

407 2986 495 3020 illuc
522 2985 560 3019 F
595 2984 633 3018 id
659 2983 753 3018 illud
781 2984 810 3018 C
838 2984 850 3027 ΙΙ
887 2986 930 3017 26
958 2979 1183 3026 gramaticae
1210 2978 1380 3013 FGNH
1406 2979 1418 3022 l}
1453 2975 1701 3021 responsionis
1727 2974 1766 3009 F
1800 2972 2034 3017 responsione
2061 2970 2104 3004 N

407 3032 638 3077 responsioni
670 3043 712 3065 esc
745 3030 982 3075 responsione
1009 3028 1041 3062 L
1085 3026 1340 3071 responsiones
1374 3025 1613 3060 Commelz'nus
1647 3024 1660 3068 ΙΙ
1696 3032 1844 3066 possum
1872 3019 1910 3054 F
1946 3018 2100 3063 possunt

411 3080 646 3114 Commeh'nus
664 3080 676 3123 ΙΙ
695 3078 846 3113 suficere
867 3077 905 3111 F
921 3078 932 3121 ΙΙ
953 3080 994 3110 27
1023 3076 1060 3110 01
1086 3103 1093 3109 .
1110 3102 1116 3109 .
1135 3103 1140 3109 .
1168 3073 1283 3108 amori
1309 3085 1373 3107 om.
1398 3073 1442 3106 M
1461 3073 1473 3117 ΙΙ
1493 3071 1664 3106 cedemus
1690 3069 1731 3103 Η
1747 3071 1758 3112 ΙΙ
1778 3068 1826 3102 ad
1850 3067 1972 3101 surore
1998 3076 2098 3109 supr.

410 3137 494 3161 vers.
523 3127 607 3170 quia
636 3156 640 3160 .
671 3156 674 3160 .
705 3154 711 3159 .
740 3125 939 3159 deuenerat
968 3123 999 3156 T
