2204 3437
395 166 482 207 648
1163 169 1318 204 SERVII

396 273 445 315 de
476 274 742 324 fluminibus,
776 278 850 316 aut
882 275 931 316 de
958 277 1178 318 montibus
1209 278 1333 329 flunt,
1366 292 1469 331 quas
1496 281 1755 332 περιπνοιάς
1780 281 1944 337 dicunt,
1974 284 2091 337 vnlyo

397 346 423 396 -ἶ-
437 345 653 397 peripenas
683 345 902 398 appellant.

515 416 610 457 773.
661 427 892 465 SOLVIQVE
927 429 987 458 Ex
1022 429 1195 460 ORDINE
1231 430 1389 460 FVNEM
1428 419 1531 461 ordo
1565 423 1646 461 est:
1686 422 1804 464 iubet
1835 422 2008 464 caedere
2041 439 2090 465 ex

393 487 558 538 ordine,
603 487 644 527 id
686 489 751 528 esi:
788 488 868 528 rite
906 490 1055 544 peragi
1094 490 1366 543 sacrificium,
1411 492 1453 531 et
1493 491 1552 532 sic
1591 492 1698 533 solvi
1737 492 1899 534 funem:
1947 495 2007 535 sic
2048 495 2090 535 in

348 566 366 595 ὅ
395 558 578 611 septimo
618 558 762 611 <139>
796 558 1173 615 Phrygiamque
1213 575 1267 601 ex
1306 561 1480 602 ordine
1520 565 1731 604 matrem
1777 564 2001 616 invocat,
2047 565 2089 605 id

396 632 461 669 est-
494 629 585 669 rite.
641 628 828 684 (franem’
861 629 1013 685 autem)
1045 645 1122 684 quo
1153 645 1275 673 naves
1305 633 1361 673 ad
1391 635 1540 673 teo-ram
1574 633 1764 686 ligantur.

514 700 608 740 774.
660 711 840 742 TONSAE
874 712 1043 743 OLIVAE
1079 705 1296 757 comptae,
1329 703 1504 744 minutis
1537 703 1772 746 frondibus.

513 770 607 811 775.
659 781 837 812 PROCVL
872 784 918 812 IN
951 784 1106 814 PRORA
1137 773 1181 814 in
1213 777 1335 827 parte
1369 777 1571 816 extrema.

512 841 607 882 780.
657 853 893 883 EFFVNDIT
928 854 1138 886 PECTORE
1173 856 1379 894 QVEs‘rvs
1413 845 1494 886 hoc
1528 848 1593 887 est
1625 860 1720 887 cum
1754 847 1917 901 dolore,
1953 851 1999 888 ut
2030 849 2091 889 ait

325 921 366 950 10
396 911 485 964 <VI
518 912 602 966 55>
634 912 906 968 funditque
939 929 1115 968 preces
1148 931 1233 957 rex
1265 919 1473 970 pectore
1506 916 1566 957 ab
1599 916 1708 958 imo.

511 983 606 1024 782.
655 995 828 1026 PRECES
862 996 1165 1028 DESCENDERE
1209 999 1270 1028 AD
1311 998 1465 1029 OMNES
1505 987 1541 1028 si
1581 988 1682 1042 quid
1719 988 1904 1030 invidiae
1943 991 2008 1031 est
2044 990 2088 1031 in

390 1052 645 1095 humillimis
678 1055 893 1108 precibus,
926 1043 1210 1110 inputandum
1242 1058 1327 1114 †in
1361 1058 1536 1099 nomina
1560 1057 1726 1100 Iunoni.
1777 1074 1876 1100 nam
1910 1059 2086 1101 ‘omnes'

389 1126 552 1166 dicendo
585 1126 715 1167 eiiam
748 1126 932 1167 humiles
966 1127 1200 1182 significat:
1232 1129 1341 1170 unde
1375 1129 1435 1170 ait
1467 1129 1597 1170 etiam
1630 1130 1894 1172 descendere.

511 1197 606 1238 783.
656 1208 785 1246 QVAM
824 1208 910 1238 NEC
949 1209 1107 1240 LONGA
1145 1211 1249 1241 DIES
1289 1199 1333 1240 id
1372 1202 1437 1240 est
1482 1200 1645 1253 lonyam
1682 1202 1869 1255 tempus:
1914 1203 1963 1243 de
2004 1217 2085 1257 quo

326 1275 366 1305 15
394 1266 494 1308 licet
525 1267 678 1308 melius
710 1267 916 1308 feminino
950 1281 1104 1321 genere
1138 1269 1347 1324 dicamus,
1379 1272 1525 1311 tamen
1552 1273 1595 1311 et
1621 1272 1855 1312 masculino
1888 1272 2086 1314 dicimus:

389 1352 487 1378 nam
521 1338 570 1378 de
605 1340 719 1378 certo
754 1337 821 1378 die
854 1339 1091 1381 masculino
1131 1343 1300 1381 tantum
1340 1342 1543 1383 utendum
1577 1345 1657 1396 est,
1695 1345 1741 1383 ut
1772 1342 1946 1386 ‘natalis
1976 1358 2087 1386 meas

387 1410 469 1450 dies
505 1407 593 1450 est'.
715 1420 874 1459 PRIETAS
907 1421 998 1451 NEC
1032 1422 1231 1452 MITIGAT
1272 1415 1346 1453 aut
1386 1412 1687 1467 Troianorum,
1734 1414 1832 1468 quia
1869 1414 1931 1468 pii
1969 1419 2085 1456 sunt:

389 1483 464 1520 aut
495 1483 609 1521 certe
642 1483 818 1534 propter
850 1480 956 1521 illud
986 1479 1077 1533 <III
1100 1482 1213 1536 547>
1244 1482 1425 1525 Iunoni
1453 1484 1675 1538 Argivae
1708 1484 1877 1527 iussos
1911 1485 2083 1529 adole-

388 1565 495 1591 mus
527 1549 767 1604 honores,
800 1552 920 1605 quasi
954 1566 1061 1606 quae
1094 1567 1170 1594 nec
1203 1554 1423 1595 sacrificiis
1455 1554 1710 1608 placaretur.

318 1629 363 1660 20
509 1622 605 1663 784.
655 1633 887 1663 INFRACTA
907 1623 1029 1664 valde
1056 1623 1210 1678 fracta,
1236 1628 1285 1666 ut
1311 1624 1423 1679 <XII
1446 1625 1499 1678 1>
1526 1625 1723 1667 Turnus
1751 1630 1804 1668 ut
1828 1628 2083 1671 infractos

388 1691 604 1733 adverso
636 1691 802 1734 Marte
833 1692 1058 1736 Latinos.

506 1764 601 1805 785.
652 1775 801 1804 MEDIA
834 1776 896 1805 DE
929 1776 1085 1806 GENTE
1118 1766 1160 1807 id
1193 1770 1259 1807 est
1289 1768 1425 1808 totius
1458 1767 1599 1822 gentis
1631 1771 1862 1822 potentem.
1973 1782 2083 1812 ΕΧΕ-

387 1845 516 1876 DISSE
545 1834 812 1875 muliebriter
837 1836 1010 1877 dictam:
1043 1851 1140 1877 nam
1168 1837 1264 1878 inde
1291 1841 1356 1879 est
1382 1838 1494 1893 quod
1521 1839 1713 1893 sequitur
1734 1840 1876 1893 <787>
1904 1839 2081 1884 ‘cineres

387 1910 513 1959 atque
547 1919 645 1946 ossa
676 1906 949 1960 peremptae'.
1013 1923 1116 1949 sane
1150 1908 1257 1950 ‘edo'
1290 1909 1422 1951 habet
1454 1912 1497 1950 et
1528 1913 1710 1964 rectam,
1753 1910 1826 1952 sed
1859 1911 2082 1967 antiquam

317 1984 359 2014 25
388 1975 735 2030 declinationem,
780 1981 827 2019 ut
860 1977 958 2019 eedo
998 1978 1086 2020 edis
1121 1979 1245 2033 edit',
1291 1983 1334 2021 et
1372 1981 1632 2031 anomalam,
1677 1984 1724 2022 ut
1766 1980 1864 2023 ‘edo
1898 1997 1941 2023 es
1976 1983 2079 2025 est':

451 2055 525 2114 ἡ20
554 2080 743 2115 ‘Infracta’
772 2082 880 2117 valde
907 2082 1040 2129 fracta]
1069 2083 1113 2118 cf.
1140 2083 1232 2119 Don.
1259 2084 1305 2118 ad
1331 2084 1414 2118 Ter.
1441 2095 1521 2119 eun.
1548 2086 1581 2118 II
1607 2090 1640 2128 3,
1667 2089 1711 2119 45

482 2180 497 2208 1
526 2176 617 2209 fiunt
641 2177 720 2210 hab.
746 2177 793 2210 M
816 2180 848 2211 et
867 2178 980 2211 edidit
1002 2176 1208 2221 Stephanus
1231 2180 1243 2222 ΙΙ
1268 2190 1484 2213 nepmuomc
1504 2180 1560 2213 N:
1586 2191 1785 2214 nermflrac
1806 2180 1846 2214 F
1872 2183 2083 2229 nepmffis'ysss

387 2233 530 2256 swrcac
556 2222 589 2255 L
620 2226 805 2269 (quattuor
837 2224 976 2259 litterae
1008 2226 1139 2260 deletae
1169 2230 1272 2268 sunt,
1304 2230 1335 2260 et
1359 2239 1401 2269 Π,
1427 2240 1484 2270 m,
1512 2239 1567 2261 ων
1598 2228 1639 2261 in
1664 2238 1735 2261 ras.
1765 2228 1790 2261 l)
1829 2239 2018 2264 ΥιεΡιηΝοι.
2047 2244 2076 2265 Υ.

389 2281 431 2303 ac
458 2270 496 2302 H
533 2281 771 2305 nepmxomac
795 2271 842 2304 M
859 2272 870 2315 ΙΙ
890 2271 1003 2317 uulgo
1028 2272 1223 2317 peripenas
1249 2273 1442 2318 appellant
1462 2273 1501 2307 F
1529 2273 1641 2319 uulgo
1660 2286 1753 2319 pnas
1776 2275 1824 2308 M
1854 2276 1966 2321 uulgo
1986 2289 2078 2323 pnas

389 2317 516 2351 dieunt
540 2327 638 2361 supr.
666 2328 752 2352 vers.
780 2318 791 2351 l
829 2319 939 2363 vulgo
973 2330 1039 2363 per
1070 2319 1201 2364 pinnas
1234 2320 1442 2357 Fabricius.
1487 2322 1531 2364 ef.
1562 2322 1654 2366 Pap.
1681 2323 1783 2365 yloss.
1815 2321 1967 2366 ‘pernae
1991 2336 2079 2368 pro-

388 2364 495 2398 cellae
519 2364 561 2398 de
585 2365 790 2398 ‘montibus'
821 2366 833 2409 ΙΙ
863 2369 883 2399 3
910 2366 1061 2401 caedere
1089 2366 1129 2400 F
1163 2367 1291 2402 cedere
1317 2380 1360 2402 ex
1385 2369 1537 2403 caedere
1567 2369 1630 2402 M:
1656 2368 1828 2403 accedere
1854 2370 1987 2404 NLH
2008 2373 2077 2415 (ce-

389 2411 474 2445 dere
500 2412 525 2454 l)
546 2412 597 2456 116
623 2410 748 2446 funem
775 2414 897 2446 autem
922 2414 1040 2457 suppl.
1067 2414 1289 2461 Masi-icius:
1316 2416 1429 2450 decem
1454 2417 1527 2458 fere
1552 2417 1690 2450 litterae
1717 2421 1939 2452 evanuerunt
1964 2419 2002 2452 in
2032 2419 2076 2454 F.

388 2458 447 2492 vel
472 2486 598 2493 .....
607 2459 626 2479 *
652 2470 722 2502 quo
750 2470 775 2493 e.
802 2471 832 2503 q.
859 2470 884 2493 s.
913 2459 1050 2494 Daniel
1087 2463 1098 2505 ΙΙ
1135 2463 1183 2496 ad
1214 2462 1379 2506 solvique
1411 2474 1455 2496 ex
1487 2463 1612 2497 ordine
1643 2463 1768 2497 funem
1800 2474 1898 2507 supr.
1925 2476 2012 2499 vers.
2039 2466 2077 2500 id

389 2506 444 2538 est
470 2505 539 2539 rite
566 2506 695 2550 peragi
722 2506 941 2540 sacrificium
962 2510 988 2541 t.
1016 2508 1053 2550 (i.
1074 2519 1100 2542 e.
1124 2508 1221 2553 “vel')
1248 2521 1319 2553 quo
1347 2521 1458 2544 naues
1484 2509 1649 2554 ligantur
1673 2510 1719 2544 ad
1744 2511 1883 2544 terram
1907 2512 1946 2547 T.
1981 2513 2077 2547 scho-

389 2553 508 2587 liastes
534 2564 612 2587 eum
645 2553 703 2587 vel
732 2555 909 2597 posuerit,
941 2555 1083 2589 videtur
1115 2567 1186 2599 quo
1218 2567 1331 2590 naues
1357 2557 1379 2592 l.
1408 2567 1438 2591 a.
1466 2558 1492 2591 t.
1524 2568 1598 2592 non
1624 2559 1672 2592 ad
1696 2556 1840 2600 funem,
1871 2559 1931 2593 sed
1957 2560 2005 2594 ad
2037 2571 2080 2594 ex

389 2599 513 2634 ordine
539 2601 710 2634 retulisse.
736 2602 748 2644 ss
776 2605 794 2634 7
821 2603 965 2635 cointae
991 2601 1034 2635 N
1048 2603 1060 2646 ΙΙ
1084 2602 1265 2636 frontibus
1292 2604 1335 2637 H
1355 2605 1367 2648 ΙΙ
1393 2607 1414 2637 8
1440 2606 1604 2639 extrema
1628 2604 1734 2649 parte
1760 2604 1799 2638 F
1822 2606 1834 2649 Η
1863 2609 1883 2638 9
1909 2607 2076 2653 stsrvs]

388 2662 408 2685 Q
435 2658 478 2680 ea:
503 2660 525 2680 v
551 2647 583 2680 L
627 2660 734 2681 vocas
761 2647 803 2681 N
843 2660 864 2681 v
891 2648 930 2682 ΙΙ
941 2649 987 2682 M
1028 2659 1137 2683 voces
1165 2651 1278 2694 eal-qo.
1328 2651 1501 2685 scholium
1526 2653 1574 2686 ad
1598 2663 1628 2686 v.
1658 2656 1724 2686 780
1750 2652 1790 2685 in
1817 2652 1856 2685 F
1877 2653 1980 2687 hodie
2004 2664 2078 2689 non

382 2697 500 2737 potest
526 2695 594 2738 legii
611 2696 623 2738 ss
651 2699 689 2728 11
719 2707 911 2729 mscnnnm:
939 2695 1004 2739 Fu
1030 2696 1110 2739 quis
1136 2696 1174 2729 F
1190 2698 1202 2741 ΙΙ
1229 2701 1270 2730 12
1298 2698 1498 2732 humilimis
1526 2699 1566 2732 L.
1605 2700 1688 2741 fort.
1717 2698 1918 2734 humilibus
1936 2701 1949 2745 Η
1974 2701 2077 2745 inpu-

387 2740 539 2775 tandum
565 2740 603 2775 in
630 2741 779 2776 nomina
803 2741 929 2776 iunoni
954 2743 1044 2776 NH
1076 2743 1321 2787 inputandum
1347 2745 1384 2779 in
1409 2745 1561 2780 numina
1585 2745 1711 2780 iunoni
1737 2745 1786 2778 M
1817 2745 2077 2791 imputandum

387 2798 460 2821 non
487 2789 542 2822 est
569 2790 715 2833 reliquis
740 2790 879 2824 omissis
899 2789 937 2822 1⁴¹
971 2790 1229 2834 imputandum
1255 2792 1273 2826 ἐ
1299 2803 1324 2836 p
1351 2792 1475 2826 omnia
1499 2792 1626 2827 iunoni
1647 2793 1679 2826 L
1706 2793 1779 2836 (sed
1799 2792 1818 2828 ἐ
1845 2804 1870 2838 p
1891 2793 2016 2829 omnia
2040 2795 2077 2828 iu

387 2835 428 2868 in
447 2846 517 2869 ras.
541 2836 565 2878 l)
591 2839 622 2869 et
642 2836 846 2879 Stephanus
870 2836 1123 2881 imputandum
1153 2849 1225 2871 nou
1251 2839 1306 2873 est
1331 2850 1394 2883 per
1420 2839 1543 2873 omnia
1571 2840 1700 2874 Iunoni
1720 2839 1857 2874 Daniel
1892 2841 2074 2885 imputan—

388 2881 473 2915 dum
506 2884 562 2916 est
585 2883 715 2917 Iunoni
740 2882 953 2925 Fabricius,
985 2884 1136 2926 fortasse
1163 2889 1267 2919 reete:
1298 2898 1383 2920 nam
1407 2897 1482 2920 non
1506 2888 1647 2921 ridetur
1672 2887 1746 2921 veri
1770 2887 1963 2930 dissimile,
1995 2899 2074 2922 cum

391 2934 554 2963 :vxoxmra
574 2941 763 2973 perperam
788 2932 962 2974 scriptam
988 2935 1071 2965 esset
1096 2944 1284 2975 INNQMINA,
1311 2937 1385 2967 tum
1409 2945 1494 2967 vera
1517 2935 1702 2978 scriptura
1726 2945 1824 2977 supr.
1846 2945 1932 2968 vers
1961 2936 2074 2979 adpo-

388 2977 478 3017 sita,
502 2977 596 3010 hanc
620 2978 660 3010 in
687 2978 958 3012 continuitatem
983 2979 1169 3012 verboram
1194 2979 1398 3021 deductam,
1425 2981 1518 3015 illud
1542 2992 1615 3016 non
1640 2982 1790 3016 deletum
1815 2991 1885 3014 esse
1908 2982 1921 3025 Ι]
1951 2985 1992 3015 13
2020 2982 2074 3016 di—

388 3023 502 3057 cendo
527 3024 606 3058 hab.
631 3024 676 3057 M
702 3028 732 3058 et
758 3025 870 3059 edidit
893 3026 1097 3069 Stephanus
1115 3027 1127 3069 Η
1146 3025 1356 3061 discendere
1385 3027 1450 3071 Fu
1473 3032 1513 3061 16
1540 3030 1580 3062 ut
1604 3028 1739 3062 natalis
1762 3054 1790 3061 ..
1807 3055 1814 3061 .
1837 3029 1892 3061 est
1917 3029 1998 3064 hab.
2017 3030 2072 3073 M,

388 3071 430 3102 ut
454 3070 512 3103 hic
537 3071 672 3105 natalis
699 3099 705 3105 .
728 3099 735 3105 .
759 3099 765 3105 .
792 3073 848 3106 est
873 3072 1071 3107 Fabricius
1088 3074 1101 3117 ΙΙ
1122 3076 1162 3107 17
1191 3073 1293 3119 quia]
1319 3074 1381 3118 qui
1407 3074 1439 3107 L
1457 3075 1469 3119 ΙΙ
1488 3078 1532 3109 20
1558 3075 1745 3110 adfractos
1771 3074 1861 3107 NH
1881 3074 2072 3116 <infractos

386 3118 425 3158 n)
445 3118 456 3159 Η
482 3120 523 3150 ‘22
549 3118 666 3151 tocius
693 3118 726 3151 L
749 3119 761 3162 ΙΙ
790 3122 833 3152 23
861 3119 1001 3153 dictum
1029 3120 1143 3154 edidit
1169 3119 1372 3163 Stephanus
