2204 3437
573 210 722 245 COMM.
748 211 800 245 IN
825 210 968 244 VERG.
996 210 1104 245 AEN.
1132 210 1190 244 lV.
1219 214 1368 244 36—45.
1723 211 1808 251 469

241 318 308 359 40.
360 330 471 360 HINC
503 330 747 359 GAETVLAE
787 330 931 359 VRBES
970 317 1022 359 acl
1060 320 1268 359 terrorem
1308 317 1472 359 eurbes’
1511 319 1672 372 posuit:
1711 334 1808 360 nani

125 389 170 430 in
210 388 450 442 mapalibus
493 389 755 430 habitabant.
888 405 1014 430 GENJ'S
1031 405 1315 430 INSVPERABILE
1332 406 1452 430 BELLO
1495 392 1536 429 nt
1573 388 1658 441 <XI
1697 389 1809 442 306>

124 473 238 512 quos
268 459 410 500 nulla
438 459 664 513 fatiyant
684 459 883 512 proelia
915 472 994 500 nee
1024 459 1142 499 victi
1167 462 1379 511 possunt
1403 459 1640 500 absistere
1663 462 1809 512 ferro.

212 542 402 571 INFRENI
435 532 509 571 aut
541 529 657 571 saevi
688 533 725 570 et
752 530 909 583 feroees,
940 532 986 570 m}
1016 530 1099 582 ipse
1125 530 1326 570 contrario
1354 528 1463 582 <XII
1485 529 1597 583 568>
1629 532 1681 571 m
1708 531 1809 582 frc-

123 615 235 642 mcm
265 602 510 654 accipere:
544 603 617 642 aut
649 600 720 654 qui
753 600 871 654 equis
905 600 994 641 sine
1025 600 1144 641 freno
1180 603 1368 642 utuntur.
1835 608 1855 639 5

241 672 308 714 41.
368 689 538 714 ein-Gravr
564 685 647 713 own
678 671 861 712 adiuncta·
898 674 1013 720 szmt;
1051 672 1120 713 secl
1149 670 1353 724 ‘ce'nfflmt’
1394 672 1512 724 quase·
1548 672 1810 722 circumdant,

124 746 170 784 ut
200 742 293 797 <ΙΙΙ
326 743 409 797 52>
441 743 666 796 einyique
694 742 857 783 urbem
888 742 1137 783 obsidione
1166 743 1359 784 videret.
1435 753 1683 784 INHOSPITA
1714 743 1808 784 bar-

126 814 243 868 bara,
276 828 439 868 aspera.
501 816 537 854 et
565 813 702 866 fictum
736 812 986 867 ‘inhospita’,
1019 827 1108 854 emm
1141 812 1366 866 ‘inhospes'
1397 826 1477 854 nou
1511 814 1681 856 dicatur.

240 885 308 925 42.
358 895 569 926 DESERTA
602 895 691 925 SITI
724 895 864 926 REGIO
886 883 1196 926 inhabitabilis.
1248 884 1351 925 dicit
1373 886 1517 925 autem
1536 883 1810 938 Xerolibyen,

122 955 162 996 id
203 958 268 996 est
305 957 471 1008 partem
510 953 682 996 Africae
721 955 902 1008 aridam,
949 969 1056 1009 quae
1096 958 1157 996 est
1196 955 1308 995 inter
1347 954 1541 1008 Tripolin
1580 957 1621 995 et
1660 955 1809 997 Penta-
1838 963 1879 992 10

120 1026 250 1080 polin.
313 1028 355 1067 et
386 1026 492 1067 bene
524 1028 657 1066 terret
690 1024 832 1066 dicens
876 1025 995 1066 iuxta
1032 1039 1124 1066 esse
1164 1027 1235 1066 aut
1272 1025 1500 1066 bellic-osas
1541 1028 1704 1079 gentes,
1738 1030 1811 1068 aut

125 1097 292 1138 deserta
330 1096 439 1150 loca,
477 1095 587 1137 unde
625 1110 710 1137 non
749 1098 944 1149 speratur
984 1095 1204 1137 auxilium.
1326 1108 1539 1146 LATEQVE
1573 1109 1809 1140 FVRENTES

123 1179 319 1209 BARCAEI
350 1166 396 1207 111
427 1181 557 1220 prope
590 1169 689 1208 sunt
721 1181 745 1207 a
778 1164 1057 1220 Carthagine:
1097 1167 1207 1207 unde
1241 1166 1402 1208 addidit
1442 1167 1549 1208 ‘late
1588 1168 1810 1210 furentes'.

120 1239 166 1279 hi
200 1238 430 1280 secundum
463 1237 681 1279 Titianum
715 1238 759 1278 in
791 1237 1106 1293 chorographia
1138 1238 1379 1280 Phoenicen
1418 1239 1562 1280 navali
1597 1239 1810 1293 quondam

121 1323 372 1364 superavere
405 1309 648 1350 certamine.
716 1308 851 1350 Barce
896 1312 1059 1350 autem
1082 1309 1232 1350 civitas
1275 1312 1339 1351 est
1372 1310 1671 1364 Pentapoleos,
1705 1326 1810 1365 quae
1841 1316 1880 1346 15

116 1381 243 1422 hodie
275 1380 516 1422 Ptolomais
550 1380 723 1422 dicitur:
755 1395 855 1422 nam
876 1379 1038 1434 Cyrene
1071 1384 1113 1421 et
1138 1381 1272 1423 Barce
1293 1382 1467 1436 reginae
1488 1381 1672 1435 fuerunt,
1701 1396 1807 1436 quae

121 1452 302 1507 singulis
331 1452 537 1493 dederunt
564 1451 812 1493 civitatibus
838 1451 1023 1493 nomina.
1070 1453 1140 1493 sed
1156 1452 1227 1494 hoc
1239 1467 1315 1506 per
1334 1453 1543 1506 prolepsin
1572 1453 1808 1494 dictumest.

235 1523 303 1565 43.
354 1540 477 1564 BELLA
512 1540 608 1564 Tmo
636 1539 853 1565 svmmvm
885 1524 1106 1565 necessario
1149 1525 1204 1565 acl
1238 1525 1567 1577 persuadendum
1602 1526 1810 1577 praesenti

118 1598 289 1648 tempore
324 1607 418 1635 usus
450 1597 515 1634 est.

233 1666 301 1706 44.
353 1675 653 1714 GERMANIQVE
686 1676 826 1706 MINAS
860 1668 1035 1718 propter
1068 1681 1229 1719 aurum,
1256 1666 1368 1719 quod
1401 1666 1439 1707 ei
1469 1668 1575 1708 sieut
1601 1667 1644 1708 in
1670 1667 1808 1721 primo
1836 1671 1879 1701 ς-Ὀ

118 1736 260 1790 <363>
293 1735 475 1776 diximus
508 1735 680 1776 tulerat.
742 1738 778 1776 et
816 1734 993 1776 ‘me'nas’
1024 1750 1103 1789 pro
1147 1738 1245 1790 ipsis
1274 1738 1470 1790 periculis
1499 1739 1655 1791 posuit,
1687 1742 1734 1779 ut
1763 1752 1810 1779 cx

108 1806 437 1861 praecedentibus
467 1806 672 1867 sequentia
704 1806 962 1859 accipiamus.
1009 1854 1011 1856 ,

232 1877 300 1919 45.
350 1888 424 1919 DIS
457 1888 670 1927 EQVIDEM
702 1888 969 1919 AVSPICIBVS
1002 1877 1082 1918 hoc
1115 1877 1234 1919 dicit:
1273 1879 1349 1933 dii,
1382 1879 1454 1934 qui
1486 1882 1585 1920 sunt
1617 1879 1816 1933 auspices

115 1949 395 2002 matrimonii,
441 1948 629 1989 Aeneam
669 1948 749 1989 huc
797 1948 940 1989 venire
988 1949 1196 1989 fecerunt:
1244 1950 1420 2004 nuptiae
1469 1950 1580 1991 enim
1626 1951 1809 2004 captatis

115 2021 276 2061 fiebant
302 2020 504 2075 auguriis,
536 2022 583 2060 ut
616 2020 948 2073 contentique
982 2021 1188 2074 auspice
1225 2020 1389 2062 Bruto.
1453 2022 1582 2063 Varro
1614 2023 1660 2062 de
1685 2022 1805 2074 puell·
1834 2026 1877 2057 ‘35

117 2092 214 2132 eitc'a
257 2091 318 2131 ait
359 2091 581 2144 auspic-es
627 2091 671 2131 iv
717 2091 910 2143 nuptiis
954 2092 1226 2144 appellatos
1262 2091 1504 2145 ’tauspice'
1550 2082 1715 2144 bisque
1755 2093 1809 2133 ab

212 2211 231 2242 8
265 2209 302 2241 et
326 2207 451 2241 fictum
481 2235 487 2240 .
517 2234 523 2240 .
552 2234 558 2240 .
587 2206 746 2252 dicatur]
788 2207 832 2242 cf.
858 2206 969 2241 Prisc.
996 2207 1064 2241 VH
1091 2212 1134 2242 65
1160 2208 1175 2241 Ι
1201 2219 1235 2251 p.
1263 2212 1342 2251 343,
1370 2213 1390 2242 3
1416 2209 1459 2243 Η.
1492 2210 1503 2253 Η
1537 2213 1579 2242 14
1606 2208 1808 2252 Titianum]

117 2255 161 2289 cf.
183 2254 324 2289 Teuffel
351 2254 478 2289 Gesch.
501 2254 534 2288 d.
555 2254 681 2289 Roem.
702 2254 788 2288 Litt.
810 2258 889 2297 343⁷
907 2258 948 2288 10
968 2255 979 2298 Η
1000 2258 1042 2289 25
1070 2255 1321 2301 contentique]
1349 2256 1482 2290 Lucan.
1504 2256 1537 2290 ll
1558 2260 1622 2290 371
1644 2257 1656 2300 Η
1676 2256 1806 2301 Varro]

116 2302 239 2347 logist.
265 2302 395 2346 fragm.
422 2314 456 2346 p.
484 2305 551 2336 258
578 2301 674 2336 Ries.

213 2412 228 2441 1
259 2407 437 2452 disposuit
462 2407 494 2441 L
512 2409 524 2451 ΙΙ
544 2412 564 2441 2
590 2408 823 2452 mappalibus
849 2408 934 2442 NH
952 2409 964 2452 ΙΙ
983 2420 1223 2446 INSVPERABILI
1250 2409 1289 2443 F
1305 2411 1316 2454 ΙΙ
1342 2413 1363 2443 4
1389 2409 1504 2455 saevi]
1531 2410 1638 2444 urbes
1665 2409 1711 2443 ad
1737 2412 1807 2444 ter-

117 2466 236 2489 rorem
262 2455 371 2489 urbes
397 2455 479 2489 add.
507 2455 551 2488 H
583 2456 648 2489 aut
673 2455 736 2499 qui
762 2483 769 2489 .
792 2483 799 2489 .
823 2483 829 2489 .
856 2457 1008 2490 utuntur
1033 2457 1195 2490 omittens
1214 2458 1225 2500 ΙΙ
1243 2456 1295 2502 ni]
1325 2456 1363 2490 hi
1389 2456 1428 2490 F
1444 2458 1455 2501 Η
1476 2460 1494 2490 5
1522 2457 1600 2501 qui]
1631 2457 1717 2501 quia
1743 2457 1782 2490 F

116 2507 135 2536 6
158 2503 205 2536 acl
226 2501 377 2546 cingunt
396 2513 497 2546 supr.
516 2513 602 2536 vers.
624 2502 854 2537 circumdant
877 2503 909 2536 T
923 2504 934 2547 Η
961 2508 980 2538 7
1002 2504 1050 2538 acl
1069 2503 1256 2548 inhospita
1275 2515 1373 2547 supr.
1394 2515 1481 2539 vers.
1503 2505 1658 2538 barbara
1678 2515 1808 2548 aspera

116 2551 153 2583 et
177 2549 305 2584 fictum
330 2548 519 2594 inhospita
545 2561 627 2583 cum
653 2549 808 2593 inhopes
835 2550 911 2594 (sic)
940 2561 1010 2584 non
1036 2551 1169 2585 dicitur
1199 2551 1229 2584 Τ
1247 2553 1257 2593 ΙΙ
1287 2555 1306 2585 9
1333 2551 1603 2596 inhabitabilis]
1633 2551 1690 2585 vel
1717 2551 1806 2584 rari-

115 2598 193 2631 tate
226 2607 342 2641 aquae
374 2597 458 2631 add.
484 2597 622 2631 Daniel
651 2598 673 2640 ΙΓ
693 2597 904 2640 Xerolibyen
933 2597 986 2631 F:
1017 2599 1215 2643 xerolipses
1242 2599 1331 2632 NH
1370 2598 1571 2643 xerolipsas
1604 2610 1646 2632 ec
1678 2598 1807 2632 Xeroli-

114 2655 196 2689 pses
223 2643 257 2677 L
283 2645 314 2689 (1
338 2643 557 2678 Xerolibiam
581 2655 754 2688 superscr.
770 2645 801 2686 Ἰ)
828 2645 1028 2689 xerolipsas
1050 2646 1098 2679 M
1114 2647 1126 2690 11
1148 2650 1188 2680 13
1210 2658 1381 2680 ΒΑΙεςΗΑΕΙ
1404 2646 1442 2679 F
1471 2659 1616 2679 immun
1640 2646 1778 2679 LHM

114 2691 245 2736 prope]
278 2691 389 2736 longe
415 2691 455 2725 F
482 2693 494 2735 ΙΙ
532 2695 574 2725 14
599 2691 803 2737 Titianum]
837 2693 974 2726 nctanfi
1002 2693 1050 2726 M
1083 2695 1183 2736 (ncta
1207 2694 1248 2727 in
1274 2697 1360 2733 ras.)
1391 2695 1402 2738 ΙΙ
1434 2692 1743 2737 chosmographia
1774 2693 1806 2726 L

116 2737 402 2783 (chorographia
422 2739 446 2781 l)
473 2739 744 2783 chorugraphia
766 2739 809 2772 H
823 2739 834 2783 ΙΙ
853 2739 1059 2783 phoenicen
1085 2740 1136 2774 F:
1165 2740 1320 2775 fenicem
1346 2741 1386 2774 N
1416 2740 1631 2784 phoenicem
1654 2740 1685 2773 J.
1716 2739 1805 2773 feni—

116 2797 199 2820 cum
224 2785 269 2819 H
300 2785 493 2829 phenicem
522 2786 570 2820 M
586 2787 598 2830 ΙΙ
620 2790 660 2820 15
688 2785 809 2820 uicere
835 2786 902 2830 Fu
921 2787 1055 2822 barche
1082 2788 1159 2821 NL
1170 2789 1265 2821 HM
1283 2789 1294 2831 ΙΙ
1314 2787 1459 2832 civitas]
1487 2788 1543 2821 vcl
1570 2799 1694 2821 eorum
1722 2788 1805 2821 add.

115 2833 269 2875 Daniel,
296 2834 390 2867 unde
415 2833 475 2867 vel
499 2833 618 2868 forum
645 2833 743 2867 Lz'on
762 2835 773 2877 ΙΙ
794 2837 836 2867 16
862 2834 1109 2878 ptholomaeis
1136 2835 1175 2869 F
1202 2835 1429 2879 ptolomagis
1450 2835 1482 2867 L
1513 2834 1710 2868 tholomais
1738 2834 1779 2867 II

117 2880 240 2924 cyrine
268 2879 308 2914 F
339 2891 468 2915 ccnere
494 2881 536 2914 N
565 2880 685 2914 cirene
712 2880 752 2914 H
786 2880 929 2922 ci}rene
956 2882 989 2915 L
1008 2883 1020 2927 ΙΙ
1039 2882 1174 2917 barche
1202 2883 1270 2926 ΠΗ
1292 2886 1332 2916 17
1360 2881 1585 2926 prolempsin
1612 2881 1650 2914 ]‹*
1667 2882 1678 2925 Η
1698 2885 1741 2914 ‘30
1769 2881 1804 2915 in

116 2937 181 2960 om.
207 2927 296 2961 NH
311 2928 322 2971 ΙΙ
351 2931 394 2961 21
422 2927 628 2962 abstulerat
653 2928 742 2962 coni.
771 2928 1011 2963 Burmannus
1029 2931 1041 2974 ΙΙ
1060 2930 1108 2964 (ch
1134 2929 1251 2963 minas
1278 2940 1375 2972 supr.
1406 2940 1488 2962 fers.
1517 2939 1538 2962 a
1564 2928 1805 2972 praecedente

117 2974 213 3017 quod
239 2974 403 3018 sequitur
427 2974 601 3019 intellege
622 2975 742 3008 minae
762 2975 859 3009 enim
880 2977 1105 3019 praecedunt
1130 2976 1295 3021 pericula
1320 2977 1520 3019 sequuntur
1544 2976 1574 3008 fl*
1592 2977 1603 3020 ΙΙ
1623 2980 1665 3009 23
1691 2988 1806 3009 nosm-

117 3033 215 3055 013νέ
243 3021 285 3055 N
318 3034 496 3056 OSPICIBVS
522 3022 554 3055 L
587 3021 810 3066 (auspicibus
837 3023 861 3065 l)
880 3024 892 3066 Η
917 3025 981 3057 aut
1006 3024 1039 3056 L
1065 3024 1147 3067 (hoc
1174 3024 1199 3067 l>
1223 3025 1235 3067 ΙΙ
1260 3027 1302 3057 25
1331 3024 1385 3067 ut]
1413 3023 1580 3057 Lucanus
1606 3023 1806 3066 iunguntur

116 3067 223 3101 taciti
249 3069 331 3103 add.
358 3068 558 3103 Fabricius
576 3069 588 3113 ΙΙ
608 3069 883 3113 contemptique
910 3070 942 3103 L
960 3070 972 3114 ΙΙ
991 3071 1106 3105 Varro
1134 3099 1141 3106 .
1165 3098 1170 3104 .
1193 3099 1199 3105 .
1228 3071 1473 3114 captabantur
1498 3070 1535 3104 in
1561 3070 1698 3114 nuptiis
1724 3071 1803 3105 hab.

119 3115 280 3150 Ambros.
313 3117 326 3159 ΙΙ
362 3120 406 3151 26
433 3115 600 3160 auspices
626 3116 664 3150 in
690 3116 845 3162 nuptiis]
872 3119 914 3159 cf.
946 3117 1017 3153 Cic.
1044 3119 1085 3152 ‹le
1111 3118 1180 3152 dlv.
1212 3118 1222 3150 [
1252 3122 1305 3160 143,
1332 3122 1375 3152 28
1407 3118 1418 3161 ΙΙ
1449 3117 1589 3161 auspici
1616 3117 1742 3161 bisque
1771 3117 1809 3151 F

115 3161 254 3206 auspici
279 3163 333 3197 ait
361 3162 489 3208 bisque
516 3164 679 3198 Ambros.
719 3164 765 3198 ab
791 3164 964 3209 auspiciis
991 3177 1084 3210 quae
1112 3164 1348 3199 Commeliwcs
