2204 3437
592 188 736 224 VERG.
764 188 816 223 IN
842 188 991 223 COMM.
1018 187 1128 223 AEN.
1156 187 1200 224 V.
1227 191 1376 223 23-32.
1740 187 1824 228 593

139 297 302 340 viculae
334 300 376 338 et
407 298 527 339 misit
558 311 640 351 quo
671 297 759 338 fors
791 296 974 338 tulisset.
1030 310 1113 350 qua
1145 295 1286 336 delata
1319 296 1371 337 ad
1398 294 1600 350 Siciliam,
1632 294 1824 338 Grinisus

136 369 289 410 fluvius
323 369 553 410 concubuit
584 383 680 410 cum
712 383 762 410 ea
793 382 1022 410 conversus
1053 367 1099 408 in
1130 380 1289 420 canem,
1322 366 1431 407 unde
1457 366 1633 408 Acestes
1660 370 1725 408 est
1750 382 1824 409 na-

134 442 222 480 tus:
261 440 340 494 vel,
370 443 417 481 ut
445 440 686 492 quibusdam
721 440 895 492 videtur,
925 439 1100 492 Ayestes.
1161 437 1283 478 liuius
1318 438 1378 478 rei
1412 441 1459 478 ut
1494 442 1591 479 esset
1626 439 1824 479 indicium

133 523 201 552 aes
231 524 319 551 eum
351 511 482 564 effiyie
512 511 626 552 canis
649 523 888 563 percussum
919 508 1050 551 Siculi
1079 508 1315 549 habuerunt.
1378 508 1454 549 alii
1485 509 1624 550 dicunt
1653 508 1822 550 Laome-

132 582 290 622 dontem
321 595 451 634 rcyem
486 581 776 631 Troianorum,
807 594 898 622 cum
925 580 1103 634 yraviter
1134 579 1234 620 cives
1265 579 1331 620 sui
1362 579 1412 620 ab
1437 582 1527 629 ceto,
1558 580 1603 620 id
1627 583 1684 621 est
1709 580 1823 621 belua
1849 588 1868 618 5

131 652 316 700 marina,
354 652 646 704 infestarentur
668 654 883 704 propterea
919 652 1027 704 quod
1061 650 1276 691 mercedem
1308 650 1496 702 Neptuno
1528 650 1574 691 ol)
1603 650 1824 701 fabricatos

130 736 270 764 muros
298 726 487 777 negasset,
519 723 574 764 ad
605 722 795 775 templmn
831 722 946 764 Iovis
976 721 1196 763 Ammonis
1231 721 1421 762 scitatum
1457 721 1614 762 misisse
1644 721 1691 762 de
1721 722 1824 762 mali

132 794 304 835 remedio
336 794 395 835 vel
424 794 515 846 fine.
577 794 642 834 eui
672 807 762 834 cum
793 796 891 834 esset
921 805 1172 845 responsum,
1209 795 1255 832 ut
1283 792 1416 844 filiam
1446 804 1565 832 suam
1596 792 1822 833 Hesionam

130 864 265 905 beluae
296 864 465 916 offerret,
496 867 533 905 et
561 863 632 905 hoc
662 878 689 904 a
719 864 870 905 civibus
897 864 1029 915 facere
1060 866 1276 917 eoyeretur,
1312 861 1400 914 fore
1430 863 1635 914 respondit
1664 863 1700 903 si
1730 866 1823 904 ante

129 948 267 976 eorum
296 936 409 988 filias
440 935 576 976 beluae
607 935 827 976 obiecisset:
860 948 936 987 quo
966 934 1074 986 facto
1105 947 1196 975 cum
1218 933 1360 986 plures
1389 933 1552 985 puellae
1589 947 1615 974 a
1645 936 1724 974 ceto
1756 934 1821 975 ab·
1849 943 1891 974 10

127 1009 311 1059 sumptae
340 1009 477 1060 essent,
501 1006 685 1059 plerique
707 1008 897 1058 parentes
932 1005 1044 1058 filias
1080 1005 1125 1045 in
1157 1004 1378 1058 lonyinqua
1408 1004 1621 1054 miserunt,
1659 1018 1706 1045 ex
1735 1005 1821 1057 qui-

128 1077 201 1119 bus
230 1091 316 1118 una
347 1077 496 1129 †troia
527 1077 689 1118 nomine
718 1076 843 1118 silvae
873 1079 1030 1129 aeyesta
1061 1076 1195 1117 delata
1226 1076 1272 1116 in
1297 1074 1485 1117 Siciliam
1516 1078 1583 1124 est,
1615 1078 1652 1115 et
1680 1089 1706 1115 a
1732 1074 1820 1116 Cri-

128 1149 230 1202 niso,
261 1148 365 1189 sicut
393 1148 544 1189 dictum
576 1150 642 1201 est⁷
674 1160 887 1200 conpressa
917 1147 1043 1188 edidit
1066 1147 1260 1188 Acestem.
1309 1146 1386 1187 alii
1410 1146 1550 1186 dicunt
1573 1145 1820 1187 Laomedon-

127 1222 214 1273 tem,
246 1232 347 1273 cum,
378 1219 483 1260 sieut
511 1220 732 1260 narratum
764 1220 830 1270 est,
855 1220 1023 1270 propter
1053 1218 1186 1270 filiam
1216 1230 1335 1258 suam
1360 1217 1595 1258 seditionem
1619 1231 1646 1257 a
1671 1217 1820 1258 civibus

119 1289 363 1343 pertulisset,
394 1303 524 1330 unum
548 1289 596 1330 de
617 1288 822 1342 Troianis,
847 1291 1048 1329 auctorem
1073 1288 1291 1339 seditionis,
1317 1288 1502 1329 occidisse
1524 1288 1710 1341 filiasque
1734 1289 1819 1329 eins
1847 1298 1889 1328 15

125 1360 412 1402 mercatoribus
443 1361 698 1413 exponendas
728 1360 890 1412 dedisse,
922 1373 948 1399 a
980 1358 1124 1411 qm'bus
1156 1359 1250 1400 illae
1282 1359 1327 1400 in
1359 1358 1505 1399 Sicilia
1527 1371 1655 1411 prope
1686 1357 1818 1399 Crini-

124 1445 215 1474 sum
246 1445 407 1473 amnem
437 1431 598 1472 relictae
627 1434 732 1481 sunt,
763 1443 939 1484 quarum
978 1430 1044 1471 ille
1073 1443 1201 1470 unam
1232 1430 1278 1470 in
1308 1443 1447 1470 canem
1478 1443 1687 1471 conversus
1717 1443 1818 1470 com-

115 1504 276 1555 Jnessit.
337 1503 505 1555 quidam
541 1502 681 1543 dicunt
716 1502 910 1555 Eyestam
947 1514 1148 1542 reversam
1184 1501 1229 1541 in
1267 1501 1575 1541 matrimonium
1615 1514 1642 1541 a
1685 1500 1818 1554 Capye

122 1574 302 1627 ductam,
334 1587 382 1614 eae
411 1573 557 1626 quibus
576 1572 783 1614 Anchisen
813 1575 968 1613 natum.
1061 1582 1237 1612 SERVAT
1269 1570 1334 1612 liic
1364 1572 1493 1621 tenet,
1524 1574 1571 1612 ut
1598 1571 1711 1625 <VH
1731 1572 1815 1625 52>

124 1647 173 1686 et
203 1646 383 1686 tantas
417 1644 658 1686 servabat
688 1643 807 1684 filia
839 1643 999 1684 sedes:
1030 1643 1091 1684 vel
1121 1645 1220 1683 certe
1252 1641 1426 1683 ‘servat'
1457 1642 1581 1684 habet.
1842 1654 1886 1684 20

241 1716 310 1757 31.
360 1732 503 1757 ansino
529 1731 808 1757 CONPLECTITVR
836 1730 923 1756 ossa
955 1714 1073 1766 quasi
1111 1713 1159 1754 de
1188 1716 1317 1754 matre
1347 1714 1462 1755 dixit.
1523 1716 1560 1754 et
1595 1714 1816 1765 quaeritur,

122 1801 195 1828 cur
230 1787 302 1828 lioc
339 1786 587 1836 Palinurus,
627 1799 717 1827 eum
755 1786 810 1826 ad
844 1784 1033 1827 Siciliam
1069 1784 1256 1825 suaderet
1285 1784 1494 1834 devertere,
1525 1797 1607 1825 non
1645 1785 1815 1826 dixerit:

122 1859 205 1900 nisi
233 1858 337 1910 forte
366 1859 473 1911 quod
508 1855 850 1899 luctusAeneam
887 1851 1063 1897 noluerit
1104 1856 1334 1908 admonere,
1371 1858 1536 1908 propter
1576 1857 1683 1908 quod
1723 1860 1816 1898 ante

123 1929 215 1983 <III
258 1929 369 1983 707>
412 1928 572 1970 Aeneas
614 1941 739 1969 eausa
782 1927 924 1969 mortis
958 1929 1158 1980 paternae
1201 1925 1390 1968 Siciliam
1439 1939 1554 1968 oram
1603 1927 1813 1968 inlaetabi-

123 2001 198 2042 lem
228 2001 387 2042 dixerit.
1839 2008 1883 2038 25

239 2071 307 2112 32.
358 2082 557 2113 SECVNDI
591 2082 789 2112 ZEPHYRI
829 2069 1041 2124 quomodo,
1085 2070 1123 2110 si
1154 2072 1363 2122 tempestas
1400 2068 1485 2110 est?
1523 2070 1592 2111 sed
1627 2070 1712 2111 iam
1751 2084 1813 2111 se-

122 2142 248 2184 cundi
278 2145 377 2196 post
409 2142 729 2184 conversionem
760 2141 893 2182 navis.

218 2252 236 2281 1
262 2246 351 2282 foris
377 2247 421 2281 H
447 2249 458 2292 Η
495 2247 582 2292 qua]
616 2258 699 2281 cum
730 2257 802 2290 qua
828 2244 959 2280 FC'M
987 2247 998 2291 Η
1037 2244 1269 2290 crissslss'nisus
1302 2245 1418 2279 tribus
1444 2244 1572 2279 litteris
1603 2246 1715 2279 erasis
1739 2245 1783 2279 N

122 2299 141 2329 2
169 2306 251 2329 011111
278 2306 321 2329 ea
346 2305 411 2329 om.
438 2294 570 2329 FGM
599 2295 609 2339 Η
647 2295 787 2328 acestes
812 2294 919 2327 natus
946 2295 1002 2327 est
1028 2291 1104 2327 FC
1143 2293 1200 2327 est
1225 2294 1365 2327 acestes
1393 2293 1502 2326 natus
1527 2292 1571 2325 N
1597 2293 1607 2337 Η
1645 2293 1810 2338 Acestes]

121 2343 239 2377 aestas
265 2342 310 2376 Η
341 2344 352 2386 Η
389 2346 408 2376 3
435 2343 590 2386 Agestes
616 2341 656 2375 F
678 2345 709 2375 et
734 2341 888 2375 Daniel:
925 2340 1084 2385 Egestus
1112 2338 1357 2374 Oommelinus.
1401 2339 1498 2373 unde
1531 2350 1639 2383 supra
1673 2340 1702 2383 (I
1728 2342 1810 2381 550)

123 2389 297 2424 ‘Troiano
324 2400 347 2423 a
372 2388 549 2433 sanguine
576 2389 695 2423 clarus
721 2388 887 2423 Acestes'
917 2388 999 2422 aelel.
1030 2387 1234 2421 Maseicius
1271 2388 1282 2432 Η
1319 2391 1340 2420 4
1367 2398 1427 2421 aes
1455 2397 1537 2420 cum
1563 2386 1735 2430 effugiem
1762 2387 1810 2429 F,

121 2447 212 2471 corr.
226 2436 419 2481 Hagenus:
444 2436 622 2470 iudicium
641 2437 718 2480 (sie)
741 2463 864 2470 .....
880 2437 899 2458 *
925 2434 1087 2479 effigiem
1106 2434 1207 2469 canis
1233 2445 1446 2478 percussum
1459 2434 1597 2468 Daniel
1621 2433 1809 2478 indicium,

119 2495 311 2518 nummum
336 2483 457 2529 effigie
483 2484 583 2518 canis
610 2494 822 2527 percussum
849 2482 1038 2517 Cluverius
1064 2482 1164 2516 Sicil.
1193 2485 1266 2516 ant.
1291 2494 1326 2525 p.
1349 2485 1428 2524 256,
1445 2485 1485 2515 51
1514 2484 1545 2514 et
1572 2481 1810 2515 Comnzelinus

119 2531 314 2574 indicium,
339 2531 378 2565 in
403 2542 552 2565 nummo
579 2530 738 2575 effigiem
758 2529 858 2564 canis
884 2540 1095 2574 percussam
1116 2529 1158 2564 G.
1179 2529 1325 2564 Vossius
1344 2530 1354 2573 Η
1375 2529 1555 2563 abuerunt
1574 2528 1612 2561 F
1629 2530 1639 2572 Η
1659 2528 1808 2571 quidam

120 2580 267 2623 praeter
292 2578 391 2622 quod
416 2578 556 2612 sei-nius
582 2578 709 2612 dicunt
734 2577 1007 2612 laomedontem
1033 2587 1158 2622 regem
1185 2606 1192 2612 .
1214 2605 1222 2612 .
1243 2605 1250 2612 .
1276 2576 1452 2610 anchisen
1477 2577 1605 2609 natum
1631 2576 1671 2609 in
1696 2587 1806 2620 mai-9.

121 2626 189 2669 inf.
219 2625 252 2659 T
271 2627 283 2671 Η
314 2630 333 2660 5
360 2626 466 2660 coeto
492 2625 573 2659 FT
607 2636 649 2660 eo
676 2627 757 2659 ceto
783 2624 920 2658 Daniel
942 2625 1084 2668 primus
1108 2625 1119 2669 Η
1152 2628 1170 2658 7
1198 2624 1427 2658 sciscitatum
1457 2623 1489 2656 Τ
1509 2624 1519 2667 Η
1551 2622 1710 2656 mississe
1736 2622 1776 2656 F

121 2677 141 2708 8
166 2672 345 2708 iesionam
371 2673 410 2707 F
426 2674 437 2718 Η
466 2676 508 2707 10
535 2673 745 2716 assumptae
771 2671 810 2705 F
832 2673 843 2716 Η
873 2675 913 2705 12
940 2671 1035 2706 troia
1060 2671 1206 2706 nomine
1233 2671 1347 2705 siluae
1375 2671 1525 2714 aegesta
1551 2669 1590 2702 F
1622 2669 1719 2704 troia
1744 2682 1807 2704 110-

120 2719 218 2755 mine
243 2719 322 2754 filia
346 2723 496 2765 egestae
527 2720 558 2753 Τ
592 2719 753 2754 Troiana
776 2718 924 2753 nomine
951 2718 1067 2753 Silvia
1091 2719 1254 2763 Aegcsta
1280 2718 1468 2752 Cluverius
1488 2717 1509 2751 l.
1530 2717 1552 2750 l.
1592 2717 1717 2759 'si-oia,
1745 2728 1806 2751 110-

120 2767 218 2802 mine
238 2768 399 2812 Aegesta
425 2767 662 2802 Commelinus
699 2765 809 2801 Troia
833 2765 981 2801 nomine
1008 2765 1161 2811 Segesta
1186 2766 1245 2800 vel
1264 2765 1402 2809 Egesta
1427 2765 1517 2799 coni.
1539 2764 1724 2806 (Νη-(1011145.
1761 2764 1808 2798 ad

121 2814 378 2859 cognominem
409 2814 481 2849 sibi
506 2814 681 2858 Egestam
707 2813 746 2848 in
771 2812 896 2848 Sicilia
922 2813 1046 2848 delata
1071 2814 1128 2848 est
1152 2813 1198 2847 F.
1220 2813 1425 2847 Schoellius.
1463 2812 1546 2853 fort.
1574 2811 1807 2854 Hippostrati

121 2861 208 2905 filia,
233 2862 382 2896 nomine
408 2862 544 2906 Egesta
568 2862 613 2904 cf.
635 2861 683 2896 ad
701 2861 716 2895 Ι
734 2864 801 2895 550
827 2862 875 2903 (p.
898 2865 976 2904 169,
990 2865 1034 2895 20
1054 2862 1065 2905 Η
1083 2861 1122 2894 111
1149 2859 1268 2894 sicilia
1293 2859 1418 2893 delata
1443 2860 1499 2892 est
1529 2858 1560 2891 Τ
1575 2859 1585 2902 Η
1605 2858 1723 2891 sicilia
1743 2858 1781 2891 F

121 2908 254 2944 Criniso
285 2909 329 2943 Τ.·
355 2909 521 2944 caiinoso
545 2908 584 2942 F
600 2910 611 2953 Η
633 2912 674 2943 13
700 2907 974 2942 laomedontem
994 2908 1033 2942 F
1049 2910 1060 2953 Η
1083 2911 1123 2942 15
1143 2907 1339 2952 pertulisse
1364 2906 1394 2939 Τ
1410 2908 1420 2950 Η
1439 2906 1576 2939 hunum
1603 2905 1634 2938 Τ
1649 2907 1659 2949 Η
1682 2910 1723 2939 1ss
1743 2905 1806 2938 ille

121 2955 161 2989 F
176 2957 188 3001 Η
208 2955 395 2991 crimisum
419 2956 459 2990 F
475 2958 486 3001 Η
517 2959 557 2990 17
584 2966 695 2989 unam
725 2955 769 2989 T:
794 2967 907 2989 unum
933 2955 972 2989 F
1006 2967 1079 2990 una
1104 2955 1239 2989 Daniel
1259 2955 1269 2998 Η
1289 2965 1378 2988 caue
1405 2953 1443 2986 1⁸
1460 2954 1470 2997 Η
1491 2952 1707 2995 compressit
1732 2952 1812 2985 FT

122 3013 328 3048 compressa
339 3003 476 3038 Daniel
495 3005 506 3048 Η
528 3006 569 3037 18
590 3003 778 3047 aegestam
793 3002 832 3036 F
848 3004 859 3047 Η
879 3013 900 3037 a
919 3001 1042 3047 Capye
1063 3003 1210 3037 ductam
1231 3012 1295 3035 om.
1312 3001 1344 3034 Τ
1359 3002 1369 3045 Η
1390 3010 1504 3043 capue
1521 2998 1560 3033 F
1576 3001 1586 3044 Η
1610 3003 1649 3033 19
1670 2999 1805 3033 dietam

123 3049 163 3084 F
185 3051 288 3093 (corr.
314 3051 390 3085 ead.
416 3052 527 3094 man.)
548 3052 558 3095 Η
579 3060 622 3083 ex
647 3049 795 3094 quibus]
824 3052 860 3084 et
885 3060 929 3084 ex
954 3061 998 3084 ea
1027 3050 1058 3083 Τ
1075 3051 1085 3094 Η
1112 3048 1257 3084 ancisen
1284 3048 1323 3081 F
1339 3049 1350 3092 Η
1376 3049 1416 3081 ut
1441 3049 1478 3081 et
1504 3047 1554 3080 L:
1581 3049 1617 3080 et
1643 3046 1807 3080 FCNH

121 3098 163 3131 ut
183 3097 232 3131 M
248 3099 259 3143 Η
279 3101 320 3131 22
344 3097 525 3133 divertere
545 3097 681 3131 Daniel
701 3098 711 3142 Η
731 3101 775 3131 24
794 3096 924 3132 mortis
944 3097 1097 3132 Daniel:
1122 3107 1245 3131 morus
1264 3095 1301 3129 F
1318 3097 1328 3140 Η
1349 3099 1391 3129 26
1413 3093 1486 3128 iam
1509 3121 1514 3128 .
1531 3121 1537 3127 .
1556 3121 1561 3128 .
1582 3093 1702 3139 navis]
1724 3095 1809 3138 post

122 3144 399 3181 conuersionem
423 3144 566 3190 nauigii
590 3143 740 3179 secundi
763 3143 803 3178 F
