<?xml version="1.0" encoding="UTF-8"?>
<!DOCTYPE html PUBLIC "-//W3C//DTD XHTML 1.0 Transitional//EN"
    "http://www.w3.org/TR/xhtml1/DTD/xhtml1-transitional.dtd">
<html xmlns="http://www.w3.org/1999/xhtml" xml:lang="en" lang="en">
 <head>
  <title>
</title>
<meta http-equiv="Content-Type" content="text/html;charset=utf-8" />
  <meta name='ocr-system' content='tesseract 3.04.00' />
  <meta name='ocr-capabilities' content='ocr_page ocr_carea ocr_par ocr_line ocrx_word'/>
</head>
<body>
  <div class='ocr_page' id='page_1' title='image "./invergiliicarmin01servuoft_0692.png"; bbox 0 0 2204 3437; ppageno 0'>
   <div class='ocr_carea' id='block_1_1' title="bbox 345 943 387 972">
    <p class='ocr_par' dir='ltr' id='par_1_1' title="bbox 345 943 387 972">
     <span class='ocr_line' id='line_1_1' title="bbox 345 943 387 972; baseline 0 0"><span class='ocrx_word' id='word_1_1' title='bbox 345 943 387 972; x_wconf 89' lang='lat'>10</span> 
     </span>
    </p>
   </div>
   <div class='ocr_carea' id='block_1_2' title="bbox 349 1297 389 1327">
    <p class='ocr_par' dir='ltr' id='par_1_2' title="bbox 349 1297 389 1327">
     <span class='ocr_line' id='line_1_2' title="bbox 349 1297 389 1327; baseline 0 0"><span class='ocrx_word' id='word_1_2' title='bbox 349 1297 389 1327; x_wconf 81' lang='lat'>15</span> 
     </span>
    </p>
   </div>
   <div class='ocr_carea' id='block_1_3' title="bbox 355 2362 398 2393">
    <p class='ocr_par' dir='ltr' id='par_1_3' title="bbox 355 2362 398 2393">
     <span class='ocr_line' id='line_1_3' title="bbox 355 2362 398 2393; baseline 0 0"><span class='ocrx_word' id='word_1_3' title='bbox 355 2362 398 2393; x_wconf 87' lang='grc'>30</span> 
     </span>
    </p>
   </div>
   <div class='ocr_carea' id='block_1_4' title="bbox 411 180 1333 228">
    <p class='ocr_par' dir='ltr' id='par_1_4' title="bbox 411 180 1333 228">
     <span class='ocr_line' id='line_1_4' title="bbox 411 180 1333 228; baseline -0.016 0"><span class='ocrx_word' id='word_1_4' title='bbox 411 187 494 228; x_wconf 77' lang='lat'>588</span> <span class='ocrx_word' id='word_1_5' title='bbox 1174 180 1333 215; x_wconf 82' lang='lat' dir='ltr'><strong>SERVH</strong></span> 
     </span>
    </p>
   </div>
   <div class='ocr_carea' id='block_1_5' title="bbox 409 282 2117 1623">
    <p class='ocr_par' dir='ltr' id='par_1_5' title="bbox 409 282 2113 1259">
     <span class='ocr_line' id='line_1_5' title="bbox 411 282 2100 345; baseline -0.008 -9"><span class='ocrx_word' id='word_1_6' title='bbox 411 299 495 336; x_wconf 67' lang='lat' dir='ltr'>ius:</span> <span class='ocrx_word' id='word_1_7' title='bbox 529 296 602 335; x_wconf 89' lang='lat' dir='ltr'>aut</span> <span class='ocrx_word' id='word_1_8' title='bbox 634 292 796 335; x_wconf 72' lang='lat' dir='ltr'>tcertus</span> <span class='ocrx_word' id='word_1_9' title='bbox 824 289 1028 345; x_wconf 84' lang='lat' dir='ltr'>Aeneas&#39;,</span> <span class='ocrx_word' id='word_1_10' title='bbox 1058 290 1102 331; x_wconf 90' lang='lat' dir='ltr'>id</span> <span class='ocrx_word' id='word_1_11' title='bbox 1135 292 1199 330; x_wconf 90' lang='lat' dir='ltr'>est</span> <span class='ocrx_word' id='word_1_12' title='bbox 1231 287 1395 340; x_wconf 82' lang='lat' dir='ltr'>sollers,</span> <span class='ocrx_word' id='word_1_13' title='bbox 1427 288 1638 339; x_wconf 83' lang='lat' dir='ltr'>strenuus,</span> <span class='ocrx_word' id='word_1_14' title='bbox 1667 284 1798 334; x_wconf 76' lang='lat' dir='ltr'>velox,</span> <span class='ocrx_word' id='word_1_15' title='bbox 1830 286 1879 325; x_wconf 93' lang='lat' dir='ltr'>ut</span> <span class='ocrx_word' id='word_1_16' title='bbox 1911 282 1961 337; x_wconf 83' lang='lat' dir='ltr'>&lt;I</span> <span class='ocrx_word' id='word_1_17' title='bbox 1987 282 2100 335; x_wconf 82' lang='lat'>576&gt;</span> 
     </span>
     <span class='ocr_line' id='line_1_6' title="bbox 411 358 2100 420; baseline -0.008 -13"><span class='ocrx_word' id='word_1_18' title='bbox 411 365 640 420; x_wconf 77' lang='lat' dir='ltr'>equidem</span> <span class='ocrx_word' id='word_1_19' title='bbox 671 378 758 418; x_wconf 89' lang='lat' dir='ltr'>per</span> <span class='ocrx_word' id='word_1_20' title='bbox 790 363 951 403; x_wconf 87' lang='lat' dir='ltr'>litora</span> <span class='ocrx_word' id='word_1_21' title='bbox 983 363 1151 403; x_wconf 89' lang='lat' dir='ltr'>certos</span> <span class='ocrx_word' id='word_1_22' title='bbox 1185 358 1456 399; x_wconf 85' lang='lat' dir='ltr'>dimittam.</span> <span class='ocrx_word' id='word_1_23' title='bbox 1547 366 1695 397; x_wconf 79' lang='lat' dir='ltr'>ATROS</span> <span class='ocrx_word' id='word_1_24' title='bbox 1728 365 1961 404; x_wconf 76' lang='lat' dir='ltr'><strong>AQVILONE</strong></span> <span class='ocrx_word' id='word_1_25' title='bbox 1995 366 2100 407; x_wconf 83' lang='lat' dir='ltr'>quos</span> 
     </span>
     <span class='ocr_line' id='line_1_7' title="bbox 409 424 2102 491; baseline -0.009 -13"><span class='ocrx_word' id='word_1_26' title='bbox 409 450 542 491; x_wconf 85' lang='lat' dir='ltr'>nuper</span> <span class='ocrx_word' id='word_1_27' title='bbox 573 436 680 477; x_wconf 86' lang='lat' dir='ltr'>flans</span> <span class='ocrx_word' id='word_1_28' title='bbox 714 434 857 488; x_wconf 86' lang='lat' dir='ltr'>aquilo</span> <span class='ocrx_word' id='word_1_29' title='bbox 891 435 1004 474; x_wconf 88' lang='lat' dir='ltr'>atros</span> <span class='ocrx_word' id='word_1_30' title='bbox 1039 432 1252 483; x_wconf 86' lang='lat' dir='ltr'>effecerat,</span> <span class='ocrx_word' id='word_1_31' title='bbox 1284 430 1333 470; x_wconf 90' lang='lat' dir='ltr'>ut</span> <span class='ocrx_word' id='word_1_32' title='bbox 1361 426 1450 481; x_wconf 85' lang='lat' dir='ltr'>&lt;IV</span> <span class='ocrx_word' id='word_1_33' title='bbox 1477 427 1591 480; x_wconf 83' lang='lat'>310&gt;</span> <span class='ocrx_word' id='word_1_34' title='bbox 1625 429 1673 468; x_wconf 91' lang='lat' dir='ltr'>et</span> <span class='ocrx_word' id='word_1_35' title='bbox 1705 424 1887 466; x_wconf 89' lang='lat' dir='ltr'>mediis</span> <span class='ocrx_word' id='word_1_36' title='bbox 1920 437 2102 478; x_wconf 87' lang='lat' dir='ltr'>prope-</span> 
     </span>
     <span class='ocr_line' id='line_1_8' title="bbox 410 495 2104 561; baseline -0.009 -12"><span class='ocrx_word' id='word_1_37' title='bbox 410 522 490 548; x_wconf 86' lang='lat' dir='ltr'>ras</span> <span class='ocrx_word' id='word_1_38' title='bbox 524 506 855 561; x_wconf 82' lang='lat' dir='ltr'>aquilonibus</span> <span class='ocrx_word' id='word_1_39' title='bbox 886 504 960 545; x_wconf 88' lang='lat' dir='ltr'>ire</span> <span class='ocrx_word' id='word_1_40' title='bbox 991 517 1077 557; x_wconf 89' lang='lat' dir='ltr'>per</span> <span class='ocrx_word' id='word_1_41' title='bbox 1104 502 1275 543; x_wconf 89' lang='lat' dir='ltr'>altum.</span> <span class='ocrx_word' id='word_1_42' title='bbox 1324 514 1426 540; x_wconf 89' lang='lat' dir='ltr'>nam</span> <span class='ocrx_word' id='word_1_43' title='bbox 1451 512 1499 540; x_wconf 72' lang='lat' dir='ltr'>ex</span> <span class='ocrx_word' id='word_1_44' title='bbox 1525 498 1675 550; x_wconf 71' lang='lat' dir='ltr'>Africa</span> <span class='ocrx_word' id='word_1_45' title='bbox 1699 495 1944 537; x_wconf 69' lang='lat' dir='ltr'>venientibus</span> <span class='ocrx_word' id='word_1_46' title='bbox 1969 497 2104 535; x_wconf 77' lang='lat' dir='ltr'>auster</span> 
     </span>
     <span class='ocr_line' id='line_1_9' title="bbox 410 565 2105 628; baseline -0.008 -9"><span class='ocrx_word' id='word_1_47' title='bbox 410 578 606 619; x_wconf 68' lang='lat' dir='ltr'>secundus</span> <span class='ocrx_word' id='word_1_48' title='bbox 637 579 709 626; x_wconf 72' lang='lat' dir='ltr'>est,</span> <span class='ocrx_word' id='word_1_49' title='bbox 743 574 881 628; x_wconf 66' lang='lat' dir='ltr'>aquilo</span> <span class='ocrx_word' id='word_1_50' title='bbox 912 574 1125 616; x_wconf 74' lang='lat' dir='ltr'>adversus:</span> <span class='ocrx_word' id='word_1_51' title='bbox 1157 585 1247 625; x_wconf 70' lang='lat' dir='ltr'>cryo</span> <span class='ocrx_word' id='word_1_52' title='bbox 1277 570 1348 611; x_wconf 77' lang='lat' dir='ltr'>hoc</span> <span class='ocrx_word' id='word_1_53' title='bbox 1379 570 1478 611; x_wconf 67' lang='lat' dir='ltr'>dicit</span> <span class='ocrx_word' id='word_1_54' title='bbox 1506 568 1613 622; x_wconf 76' lang='lat' dir='ltr'>quod</span> <span class='ocrx_word' id='word_1_55' title='bbox 1640 567 1798 621; x_wconf 68' lang='lat' dir='ltr'>flnctus,</span> <span class='ocrx_word' id='word_1_56' title='bbox 1823 566 1893 619; x_wconf 74' lang='lat' dir='ltr'>qui</span> <span class='ocrx_word' id='word_1_57' title='bbox 1917 565 2001 607; x_wconf 75' lang='lat' dir='ltr'>atri</span> <span class='ocrx_word' id='word_1_58' title='bbox 2025 577 2105 605; x_wconf 76' lang='lat' dir='ltr'>esse</span> 
     </span>
     <span class='ocr_line' id='line_1_10' title="bbox 410 635 2108 700; baseline -0.008 -10"><span class='ocrx_word' id='word_1_59' title='bbox 410 651 652 691; x_wconf 73' lang='lat' dir='ltr'>consuerunt</span> <span class='ocrx_word' id='word_1_60' title='bbox 693 646 898 700; x_wconf 70' lang='lat' dir='ltr'>aquilonis</span> <span class='ocrx_word' id='word_1_61' title='bbox 940 645 1061 697; x_wconf 72' lang='lat' dir='ltr'>flam,</span> <span class='ocrx_word' id='word_1_62' title='bbox 1111 642 1181 695; x_wconf 74' lang='lat' dir='ltr'>qm·</span> <span class='ocrx_word' id='word_1_63' title='bbox 1224 644 1318 682; x_wconf 72' lang='lat' dir='ltr'>ante</span> <span class='ocrx_word' id='word_1_64' title='bbox 1359 640 1532 692; x_wconf 68' lang='lat' dir='ltr'>flaverat</span> <span class='ocrx_word' id='word_1_65' title='bbox 1572 639 1742 679; x_wconf 71' lang='lat' dir='ltr'>secundo</span> <span class='ocrx_word' id='word_1_66' title='bbox 1791 637 1913 691; x_wconf 75' lang='lat' dir='ltr'>flatu,</span> <span class='ocrx_word' id='word_1_67' title='bbox 1962 635 2108 677; x_wconf 74' lang='lat' dir='ltr'>secarit</span> 
     </span>
     <span class='ocr_line' id='line_1_11' title="bbox 410 706 2107 772; baseline -0.009 -11"><span class='ocrx_word' id='word_1_68' title='bbox 410 720 570 761; x_wconf 75' lang='lat' dir='ltr'>Aeneas</span> <span class='ocrx_word' id='word_1_69' title='bbox 590 721 773 772; x_wconf 67' lang='lat' dir='ltr'>swyeute</span> <span class='ocrx_word' id='word_1_70' title='bbox 791 716 971 770; x_wconf 59' lang='lat' dir='ltr'>zephyro,</span> <span class='ocrx_word' id='word_1_71' title='bbox 1003 718 1047 756; x_wconf 74' lang='lat' dir='ltr'>ut</span> <span class='ocrx_word' id='word_1_72' title='bbox 1067 713 1301 756; x_wconf 65' lang='lat' dir='ltr'>Mercurius</span> <span class='ocrx_word' id='word_1_73' title='bbox 1330 710 1419 764; x_wconf 85' lang='lat' dir='ltr'>&lt;IV</span> <span class='ocrx_word' id='word_1_74' title='bbox 1440 709 1554 763; x_wconf 77' lang='lat'>562&gt;</span> <span class='ocrx_word' id='word_1_75' title='bbox 1587 723 1669 751; x_wconf 72' lang='lat' dir='ltr'>uec</span> <span class='ocrx_word' id='word_1_76' title='bbox 1699 707 1930 762; x_wconf 62' lang='lat' dir='ltr'>zephyros</span> <span class='ocrx_word' id='word_1_77' title='bbox 1960 706 2107 747; x_wconf 73' lang='lat' dir='ltr'>audis</span> 
     </span>
     <span class='ocr_line' id='line_1_12' title="bbox 409 779 2112 844; baseline -0.009 -11"><span class='ocrx_word' id='word_1_78' title='bbox 409 792 605 844; x_wconf 69' lang='lat' dir='ltr'>spirare</span> <span class='ocrx_word' id='word_1_79' title='bbox 641 789 887 831; x_wconf 67' lang='lat' dir='ltr'>secundos,</span> <span class='ocrx_word' id='word_1_80' title='bbox 955 787 1024 828; x_wconf 79' lang='lat' dir='ltr'>secl</span> <span class='ocrx_word' id='word_1_81' title='bbox 1058 784 1274 838; x_wconf 87' lang='lat' dir='ltr'>novimus,</span> <span class='ocrx_word' id='word_1_82' title='bbox 1311 780 1582 836; x_wconf 67' lang='lat' dir='ltr'>tempestatis</span> <span class='ocrx_word' id='word_1_83' title='bbox 1620 780 1731 821; x_wconf 87' lang='lat' dir='ltr'>hanc</span> <span class='ocrx_word' id='word_1_84' title='bbox 1770 793 1862 820; x_wconf 88' lang='lat' dir='ltr'>esse</span> <span class='ocrx_word' id='word_1_85' title='bbox 1900 779 2112 830; x_wconf 84' lang='lat' dir='ltr'>naturam,</span> 
     </span>
     <span class='ocr_line' id='line_1_13' title="bbox 411 846 2106 916; baseline -0.009 -12"><span class='ocrx_word' id='word_1_86' title='bbox 411 865 459 903; x_wconf 91' lang='lat' dir='ltr'>ut</span> <span class='ocrx_word' id='word_1_87' title='bbox 489 861 694 916; x_wconf 76' lang='lat' dir='ltr'>reliquias</span> <span class='ocrx_word' id='word_1_88' title='bbox 726 860 843 901; x_wconf 83' lang='lat' dir='ltr'>venti</span> <span class='ocrx_word' id='word_1_89' title='bbox 875 860 1020 900; x_wconf 88' lang='lat' dir='ltr'>teneat</span> <span class='ocrx_word' id='word_1_90' title='bbox 1053 856 1182 897; x_wconf 89' lang='lat' dir='ltr'>etiam</span> <span class='ocrx_word' id='word_1_91' title='bbox 1215 855 1260 896; x_wconf 91' lang='lat' dir='ltr'>in</span> <span class='ocrx_word' id='word_1_92' title='bbox 1293 853 1470 895; x_wconf 82' lang='lat' dir='ltr'>alterius</span> <span class='ocrx_word' id='word_1_93' title='bbox 1501 852 1623 905; x_wconf 82' lang='lat' dir='ltr'>flatu,</span> <span class='ocrx_word' id='word_1_94' title='bbox 1653 852 1757 892; x_wconf 74' lang='lat' dir='ltr'>sicut</span> <span class='ocrx_word' id='word_1_95' title='bbox 1788 850 1983 891; x_wconf 67' lang='lat' dir='ltr'>Lucanus</span> <span class='ocrx_word' id='word_1_96' title='bbox 2014 846 2106 900; x_wconf 86' lang='lat'>&lt;111</span> 
     </span>
     <span class='ocr_line' id='line_1_14' title="bbox 414 919 2110 987; baseline -0.009 -13"><span class='ocrx_word' id='word_1_97' title='bbox 414 934 527 987; x_wconf 79' lang='lat'>549&gt;</span> <span class='ocrx_word' id='word_1_98' title='bbox 559 936 611 974; x_wconf 73' lang='lat' dir='ltr'>ut</span> <span class='ocrx_word' id='word_1_99' title='bbox 639 932 864 985; x_wconf 66' lang='lat' dir='ltr'>quotiens</span> <span class='ocrx_word' id='word_1_100' title='bbox 894 932 1060 970; x_wconf 74' lang='lat' dir='ltr'>aestus</span> <span class='ocrx_word' id='word_1_101' title='bbox 1091 926 1314 981; x_wconf 63' lang='lat' dir='ltr'>Zephyris</span> <span class='ocrx_word' id='word_1_102' title='bbox 1345 925 1572 976; x_wconf 64' lang='lat' dir='ltr'>curisque</span> <span class='ocrx_word' id='word_1_103' title='bbox 1602 924 1856 975; x_wconf 69' lang='lat' dir='ltr'>repuynat,</span> <span class='ocrx_word' id='word_1_104' title='bbox 1887 920 1974 961; x_wconf 75' lang='lat' dir='ltr'>huc</span> <span class='ocrx_word' id='word_1_105' title='bbox 2004 919 2110 960; x_wconf 78' lang='lat' dir='ltr'>abe—</span> 
     </span>
     <span class='ocr_line' id='line_1_15' title="bbox 412 989 2110 1057; baseline -0.009 -11"><span class='ocrx_word' id='word_1_106' title='bbox 412 1008 502 1046; x_wconf 68' lang='lat' dir='ltr'>unt</span> <span class='ocrx_word' id='word_1_107' title='bbox 528 1004 733 1057; x_wconf 63' lang='lat' dir='ltr'>fluctus,</span> <span class='ocrx_word' id='word_1_108' title='bbox 766 1002 888 1043; x_wconf 68' lang='lat' dir='ltr'>illuc</span> <span class='ocrx_word' id='word_1_109' title='bbox 918 1014 1062 1041; x_wconf 71' lang='lat' dir='ltr'>mare.</span> <span class='ocrx_word' id='word_1_110' title='bbox 1125 996 1284 1040; x_wconf 71' lang='lat' dir='ltr'>‘atros’</span> <span class='ocrx_word' id='word_1_111' title='bbox 1325 998 1469 1038; x_wconf 86' lang='lat' dir='ltr'>autem</span> <span class='ocrx_word' id='word_1_112' title='bbox 1507 993 1739 1036; x_wconf 89' lang='lat' dir='ltr'>secundum</span> <span class='ocrx_word' id='word_1_113' title='bbox 1775 991 1964 1033; x_wconf 86' lang='lat' dir='ltr'>Plinium</span> <span class='ocrx_word' id='word_1_114' title='bbox 1997 989 2110 1043; x_wconf 84' lang='lat' dir='ltr'>dicit,</span> 
     </span>
     <span class='ocr_line' id='line_1_16' title="bbox 415 1060 2112 1131; baseline -0.009 -14"><span class='ocrx_word' id='word_1_115' title='bbox 415 1077 487 1131; x_wconf 85' lang='lat' dir='ltr'>qui</span> <span class='ocrx_word' id='word_1_116' title='bbox 521 1076 581 1117; x_wconf 90' lang='lat' dir='ltr'>ait</span> <span class='ocrx_word' id='word_1_117' title='bbox 612 1076 657 1117; x_wconf 86' lang='lat' dir='ltr'>in</span> <span class='ocrx_word' id='word_1_118' title='bbox 695 1073 884 1115; x_wconf 87' lang='lat' dir='ltr'>naturali</span> <span class='ocrx_word' id='word_1_119' title='bbox 921 1071 1122 1125; x_wconf 84' lang='lat' dir='ltr'>historia,</span> <span class='ocrx_word' id='word_1_120' title='bbox 1167 1084 1253 1111; x_wconf 90' lang='lat' dir='ltr'>non</span> <span class='ocrx_word' id='word_1_121' title='bbox 1291 1082 1382 1110; x_wconf 88' lang='lat' dir='ltr'>esse</span> <span class='ocrx_word' id='word_1_122' title='bbox 1422 1066 1553 1108; x_wconf 87' lang='lat' dir='ltr'>maris</span> <span class='ocrx_word' id='word_1_123' title='bbox 1592 1066 1753 1107; x_wconf 89' lang='lat' dir='ltr'>certum</span> <span class='ocrx_word' id='word_1_124' title='bbox 1793 1063 1995 1116; x_wconf 89' lang='lat' dir='ltr'>colorem,</span> <span class='ocrx_word' id='word_1_125' title='bbox 2039 1060 2112 1102; x_wconf 87' lang='lat' dir='ltr'>sed</span> 
     </span>
     <span class='ocr_line' id='line_1_17' title="bbox 413 1132 2113 1201; baseline -0.01 -12"><span class='ocrx_word' id='word_1_126' title='bbox 413 1162 489 1201; x_wconf 85' lang='lat' dir='ltr'>pro</span> <span class='ocrx_word' id='word_1_127' title='bbox 524 1146 731 1201; x_wconf 72' lang='lat' dir='ltr'>qualitate</span> <span class='ocrx_word' id='word_1_128' title='bbox 764 1146 988 1185; x_wconf 89' lang='lat' dir='ltr'>ventorum</span> <span class='ocrx_word' id='word_1_129' title='bbox 1019 1140 1190 1194; x_wconf 86' lang='lat' dir='ltr'>mutari,</span> <span class='ocrx_word' id='word_1_130' title='bbox 1223 1141 1265 1181; x_wconf 91' lang='lat' dir='ltr'>et</span> <span class='ocrx_word' id='word_1_131' title='bbox 1297 1141 1371 1180; x_wconf 88' lang='lat' dir='ltr'>aut</span> <span class='ocrx_word' id='word_1_132' title='bbox 1403 1138 1558 1179; x_wconf 84' lang='lat' dir='ltr'>flavum</span> <span class='ocrx_word' id='word_1_133' title='bbox 1593 1149 1701 1188; x_wconf 82' lang='lat' dir='ltr'>esse,</span> <span class='ocrx_word' id='word_1_134' title='bbox 1734 1136 1806 1175; x_wconf 87' lang='lat' dir='ltr'>aut</span> <span class='ocrx_word' id='word_1_135' title='bbox 1836 1132 2113 1185; x_wconf 88' lang='lat' dir='ltr'>luculentum,</span> 
     </span>
     <span class='ocr_line' id='line_1_18' title="bbox 416 1220 673 1259; baseline -0.012 0"><span class='ocrx_word' id='word_1_136' title='bbox 416 1220 489 1259; x_wconf 86' lang='lat' dir='ltr'>aut</span> <span class='ocrx_word' id='word_1_137' title='bbox 521 1220 673 1258; x_wconf 87' lang='lat' dir='ltr'>atrum.</span> 
     </span>
    </p>

    <p class='ocr_par' dir='ltr' id='par_1_6' title="bbox 420 1274 2117 1623">
     <span class='ocr_line' id='line_1_19' title="bbox 534 1274 2111 1332; baseline -0.01 -2"><span class='ocrx_word' id='word_1_138' title='bbox 534 1289 573 1329; x_wconf 81' lang='lat'>4.</span> <span class='ocrx_word' id='word_1_139' title='bbox 624 1296 902 1329; x_wconf 82' lang='lat' dir='ltr'>CONLVCENT</span> <span class='ocrx_word' id='word_1_140' title='bbox 936 1293 1140 1325; x_wconf 82' lang='lat' dir='ltr'><strong>FLAMMIS</strong></span> <span class='ocrx_word' id='word_1_141' title='bbox 1173 1282 1317 1322; x_wconf 87' lang='lat' dir='ltr'>lucent</span> <span class='ocrx_word' id='word_1_142' title='bbox 1347 1278 1553 1332; x_wconf 88' lang='lat' dir='ltr'>undique:</span> <span class='ocrx_word' id='word_1_143' title='bbox 1589 1277 1632 1318; x_wconf 91' lang='lat' dir='ltr'>in</span> <span class='ocrx_word' id='word_1_144' title='bbox 1664 1276 1873 1318; x_wconf 81' lang='lat' dir='ltr'>honorem</span> <span class='ocrx_word' id='word_1_145' title='bbox 1905 1274 2018 1315; x_wconf 88' lang='lat' dir='ltr'>enim</span> <span class='ocrx_word' id='word_1_146' title='bbox 2049 1288 2111 1315; x_wconf 91' lang='lat' dir='ltr'>re-</span> 
     </span>
     <span class='ocr_line' id='line_1_20' title="bbox 420 1343 2114 1413; baseline -0.01 -12"><span class='ocrx_word' id='word_1_147' title='bbox 420 1374 521 1413; x_wconf 83' lang='lat' dir='ltr'>gum</span> <span class='ocrx_word' id='word_1_148' title='bbox 554 1374 649 1400; x_wconf 92' lang='lat' dir='ltr'>cum</span> <span class='ocrx_word' id='word_1_149' title='bbox 680 1358 844 1399; x_wconf 79' lang='lat' dir='ltr'>facibus</span> <span class='ocrx_word' id='word_1_150' title='bbox 877 1354 1187 1410; x_wconf 80' lang='lat' dir='ltr'>procedebatur</span> <span class='ocrx_word' id='word_1_151' title='bbox 1220 1367 1244 1393; x_wconf 88' lang='lat' dir='ltr'>a</span> <span class='ocrx_word' id='word_1_152' title='bbox 1275 1350 1453 1405; x_wconf 87' lang='lat' dir='ltr'>populo:</span> <span class='ocrx_word' id='word_1_153' title='bbox 1485 1348 1594 1389; x_wconf 89' lang='lat' dir='ltr'>unde</span> <span class='ocrx_word' id='word_1_154' title='bbox 1628 1348 1689 1388; x_wconf 89' lang='lat' dir='ltr'>ait</span> <span class='ocrx_word' id='word_1_155' title='bbox 1720 1347 1770 1387; x_wconf 87' lang='lat' dir='ltr'>de</span> <span class='ocrx_word' id='word_1_156' title='bbox 1802 1346 1998 1387; x_wconf 85' lang='lat' dir='ltr'>Pallante</span> <span class='ocrx_word' id='word_1_157' title='bbox 2025 1343 2114 1398; x_wconf 81' lang='lat' dir='ltr'>&lt;XI</span> 
     </span>
     <span class='ocr_line' id='line_1_21' title="bbox 422 1416 2115 1485; baseline -0.009 -13"><span class='ocrx_word' id='word_1_158' title='bbox 422 1430 533 1485; x_wconf 78' lang='lat'>143&gt;</span> <span class='ocrx_word' id='word_1_159' title='bbox 566 1430 704 1471; x_wconf 87' lang='lat' dir='ltr'>lucet</span> <span class='ocrx_word' id='word_1_160' title='bbox 736 1428 817 1470; x_wconf 75' lang='lat' dir='ltr'>via</span> <span class='ocrx_word' id='word_1_161' title='bbox 848 1428 1004 1481; x_wconf 90' lang='lat' dir='ltr'>longo</span> <span class='ocrx_word' id='word_1_162' title='bbox 1032 1424 1209 1466; x_wconf 84' lang='lat' dir='ltr'>ordine</span> <span class='ocrx_word' id='word_1_163' title='bbox 1235 1422 1558 1463; x_wconf 87' lang='lat' dir='ltr'>flammarum</span> <span class='ocrx_word' id='word_1_164' title='bbox 1588 1421 1636 1460; x_wconf 90' lang='lat' dir='ltr'>et</span> <span class='ocrx_word' id='word_1_165' title='bbox 1660 1419 1763 1459; x_wconf 88' lang='lat' dir='ltr'>late</span> <span class='ocrx_word' id='word_1_166' title='bbox 1790 1416 2115 1458; x_wconf 85' lang='lat' dir='ltr'>discriminat</span> 
     </span>
     <span class='ocr_line' id='line_1_22' title="bbox 420 1486 2116 1556; baseline -0.01 -13"><span class='ocrx_word' id='word_1_167' title='bbox 420 1516 584 1556; x_wconf 88' lang='lat' dir='ltr'>agros.</span> <span class='ocrx_word' id='word_1_168' title='bbox 652 1502 803 1554; x_wconf 85' lang='lat' dir='ltr'>postea</span> <span class='ocrx_word' id='word_1_169' title='bbox 852 1497 981 1538; x_wconf 88' lang='lat' dir='ltr'>etiam</span> <span class='ocrx_word' id='word_1_170' title='bbox 1020 1496 1218 1537; x_wconf 85' lang='lat' dir='ltr'>funebres</span> <span class='ocrx_word' id='word_1_171' title='bbox 1259 1493 1439 1535; x_wconf 86' lang='lat' dir='ltr'>lectulos</span> <span class='ocrx_word' id='word_1_172' title='bbox 1481 1490 1672 1545; x_wconf 87' lang='lat' dir='ltr'>proferre</span> <span class='ocrx_word' id='word_1_173' title='bbox 1717 1490 1963 1542; x_wconf 88' lang='lat' dir='ltr'>coeperunt:</span> <span class='ocrx_word' id='word_1_174' title='bbox 2006 1486 2116 1527; x_wconf 87' lang='lat' dir='ltr'>unde</span> 
     </span>
     <span class='ocr_line' id='line_1_23' title="bbox 421 1559 2117 1623; baseline -0.009 -9"><span class='ocrx_word' id='word_1_175' title='bbox 421 1576 486 1614; x_wconf 86' lang='lat' dir='ltr'>est</span> <span class='ocrx_word' id='word_1_176' title='bbox 517 1573 639 1613; x_wconf 71' lang='lat' dir='ltr'>ctiam</span> <span class='ocrx_word' id='word_1_177' title='bbox 671 1572 715 1612; x_wconf 90' lang='lat' dir='ltr'>in</span> <span class='ocrx_word' id='word_1_178' title='bbox 754 1572 874 1611; x_wconf 86' lang='lat' dir='ltr'>sexto</span> <span class='ocrx_word' id='word_1_179' title='bbox 914 1567 1057 1623; x_wconf 78' lang='lat'>&lt;873&gt;</span> <span class='ocrx_word' id='word_1_180' title='bbox 1100 1567 1181 1608; x_wconf 82' lang='lat' dir='ltr'>vel</span> <span class='ocrx_word' id='word_1_181' title='bbox 1219 1579 1346 1620; x_wconf 85' lang='lat' dir='ltr'>quae</span> <span class='ocrx_word' id='word_1_182' title='bbox 1389 1562 1636 1604; x_wconf 86' lang='lat' dir='ltr'>Tiberine</span> <span class='ocrx_word' id='word_1_183' title='bbox 1678 1559 1877 1602; x_wconf 86' lang='lat' dir='ltr'>videbis</span> <span class='ocrx_word' id='word_1_184' title='bbox 1919 1559 2117 1612; x_wconf 86' lang='lat' dir='ltr'>funera,</span> 
     </span>
    </p>
   </div>
   <div class='ocr_carea' id='block_1_6' title="bbox 350 1628 2117 1694">
    <p class='ocr_par' dir='ltr' id='par_1_7' title="bbox 350 1628 2117 1694">
     <span class='ocr_line' id='line_1_24' title="bbox 350 1628 2117 1694; baseline -0.01 -8"><span class='ocrx_word' id='word_1_185' title='bbox 350 1654 358 1666; x_wconf 67' lang='lat'><em>⁶</em></span> <span class='ocrx_word' id='word_1_186' title='bbox 421 1659 530 1685; x_wconf 83' lang='lat' dir='ltr'>cum</span> <span class='ocrx_word' id='word_1_187' title='bbox 561 1642 812 1685; x_wconf 90' lang='lat' dir='ltr'>tumulum</span> <span class='ocrx_word' id='word_1_188' title='bbox 844 1638 1230 1694; x_wconf 86' lang='lat' dir='ltr'>praeterlabere</span> <span class='ocrx_word' id='word_1_189' title='bbox 1257 1636 1530 1686; x_wconf 78' lang='lat' dir='ltr'>recentem,</span> <span class='ocrx_word' id='word_1_190' title='bbox 1562 1646 1658 1673; x_wconf 90' lang='lat' dir='ltr'>cum</span> <span class='ocrx_word' id='word_1_191' title='bbox 1684 1631 1734 1672; x_wconf 88' lang='lat' dir='ltr'>de</span> <span class='ocrx_word' id='word_1_192' title='bbox 1760 1629 1963 1671; x_wconf 88' lang='lat' dir='ltr'>Marcello</span> <span class='ocrx_word' id='word_1_193' title='bbox 1990 1628 2117 1670; x_wconf 87' lang='lat' dir='ltr'>aedili</span> 
     </span>
    </p>
   </div>
   <div class='ocr_carea' id='block_1_7' title="bbox 420 1701 2174 2622">
    <p class='ocr_par' dir='ltr' id='par_1_8' title="bbox 420 1701 2119 1983">
     <span class='ocr_line' id='line_1_25' title="bbox 421 1701 2022 1769; baseline -0.011 -12"><span class='ocrx_word' id='word_1_194' title='bbox 421 1717 591 1769; x_wconf 87' lang='lat' dir='ltr'>diceret,</span> <span class='ocrx_word' id='word_1_195' title='bbox 622 1714 712 1755; x_wconf 85' lang='lat' dir='ltr'>filio</span> <span class='ocrx_word' id='word_1_196' title='bbox 746 1711 903 1754; x_wconf 88' lang='lat' dir='ltr'>sororis</span> <span class='ocrx_word' id='word_1_197' title='bbox 937 1708 1144 1763; x_wconf 81' lang='lat' dir='ltr'>Augusti,</span> <span class='ocrx_word' id='word_1_198' title='bbox 1175 1707 1220 1748; x_wconf 89' lang='lat' dir='ltr'>in</span> <span class='ocrx_word' id='word_1_199' title='bbox 1253 1706 1370 1748; x_wconf 90' lang='lat' dir='ltr'>cuius</span> <span class='ocrx_word' id='word_1_200' title='bbox 1402 1705 1610 1746; x_wconf 86' lang='lat' dir='ltr'>honorem</span> <span class='ocrx_word' id='word_1_201' title='bbox 1642 1702 1723 1743; x_wconf 90' lang='lat' dir='ltr'>hoc</span> <span class='ocrx_word' id='word_1_202' title='bbox 1754 1701 1914 1742; x_wconf 84' lang='lat' dir='ltr'>factum</span> <span class='ocrx_word' id='word_1_203' title='bbox 1947 1702 2022 1741; x_wconf 89' lang='lat' dir='ltr'>est.</span> 
     </span>
     <span class='ocr_line' id='line_1_26' title="bbox 422 1769 2116 1837; baseline -0.011 -8"><span class='ocrx_word' id='word_1_204' title='bbox 422 1799 542 1837; x_wconf 78' lang='lat' dir='ltr'><strong>QVAE</strong></span> <span class='ocrx_word' id='word_1_205' title='bbox 574 1796 766 1827; x_wconf 81' lang='lat' dir='ltr'>TANTVM</span> <span class='ocrx_word' id='word_1_206' title='bbox 798 1783 842 1824; x_wconf 90' lang='lat' dir='ltr'>in</span> <span class='ocrx_word' id='word_1_207' title='bbox 882 1780 1126 1836; x_wconf 88' lang='lat' dir='ltr'>quantitate</span> <span class='ocrx_word' id='word_1_208' title='bbox 1164 1781 1230 1820; x_wconf 90' lang='lat' dir='ltr'>est</span> <span class='ocrx_word' id='word_1_209' title='bbox 1268 1776 1507 1818; x_wconf 86' lang='lat' dir='ltr'>admiratio.</span> <span class='ocrx_word' id='word_1_210' title='bbox 1569 1788 1668 1815; x_wconf 90' lang='lat' dir='ltr'>sane</span> <span class='ocrx_word' id='word_1_211' title='bbox 1708 1771 1924 1813; x_wconf 87' lang='lat' dir='ltr'>sciendum</span> <span class='ocrx_word' id='word_1_212' title='bbox 1962 1769 2116 1812; x_wconf 86' lang='lat' dir='ltr'>Varro-</span> 
     </span>
     <span class='ocr_line' id='line_1_27' title="bbox 420 1841 2119 1909; baseline -0.011 -9"><span class='ocrx_word' id='word_1_213' title='bbox 420 1874 519 1900; x_wconf 85' lang='lat' dir='ltr'>nem</span> <span class='ocrx_word' id='word_1_214' title='bbox 553 1858 716 1909; x_wconf 80' lang='lat' dir='ltr'>dicere,</span> <span class='ocrx_word' id='word_1_215' title='bbox 748 1854 938 1895; x_wconf 83' lang='lat' dir='ltr'>Aeneam</span> <span class='ocrx_word' id='word_1_216' title='bbox 971 1852 1023 1893; x_wconf 87' lang='lat' dir='ltr'>ab</span> <span class='ocrx_word' id='word_1_217' title='bbox 1057 1850 1183 1892; x_wconf 84' lang='lat' dir='ltr'>Anna</span> <span class='ocrx_word' id='word_1_218' title='bbox 1215 1852 1422 1891; x_wconf 89' lang='lat' dir='ltr'>amatum:</span> <span class='ocrx_word' id='word_1_219' title='bbox 1463 1849 1505 1888; x_wconf 93' lang='lat' dir='ltr'>et</span> <span class='ocrx_word' id='word_1_220' title='bbox 1535 1846 1653 1898; x_wconf 84' lang='lat' dir='ltr'>licet,</span> <span class='ocrx_word' id='word_1_221' title='bbox 1684 1846 1732 1885; x_wconf 90' lang='lat' dir='ltr'>ut</span> <span class='ocrx_word' id='word_1_222' title='bbox 1765 1858 1894 1897; x_wconf 86' lang='lat' dir='ltr'>supra</span> <span class='ocrx_word' id='word_1_223' title='bbox 1927 1841 1976 1896; x_wconf 85' lang='lat' dir='ltr'>&lt;I</span> <span class='ocrx_word' id='word_1_224' title='bbox 2007 1841 2119 1896; x_wconf 76' lang='lat'>267&gt;</span> 
     </span>
     <span class='ocr_line' id='line_1_28' title="bbox 423 1917 1783 1983; baseline -0.011 -12"><span class='ocrx_word' id='word_1_225' title='bbox 423 1930 620 1983; x_wconf 77' lang='lat' dir='ltr'>diximus,</span> <span class='ocrx_word' id='word_1_226' title='bbox 652 1926 885 1981; x_wconf 86' lang='lat' dir='ltr'>plurimum</span> <span class='ocrx_word' id='word_1_227' title='bbox 916 1927 1087 1977; x_wconf 89' lang='lat' dir='ltr'>tempus</span> <span class='ocrx_word' id='word_1_228' title='bbox 1120 1921 1304 1975; x_wconf 87' lang='lat' dir='ltr'>intersit,</span> <span class='ocrx_word' id='word_1_229' title='bbox 1336 1920 1496 1961; x_wconf 88' lang='lat' dir='ltr'>lectum</span> <span class='ocrx_word' id='word_1_230' title='bbox 1527 1920 1675 1958; x_wconf 89' lang='lat' dir='ltr'>tamen</span> <span class='ocrx_word' id='word_1_231' title='bbox 1707 1917 1783 1956; x_wconf 89' lang='lat' dir='ltr'>est.</span> 
     </span>
    </p>

    <p class='ocr_par' dir='ltr' id='par_1_9' title="bbox 423 1994 2174 2622">
     <span class='ocr_line' id='line_1_29' title="bbox 541 1994 2120 2041; baseline -0.009 -1"><span class='ocrx_word' id='word_1_232' title='bbox 541 2000 578 2041; x_wconf 70' lang='grc' dir='ltr'>ἵ).</span> <span class='ocrx_word' id='word_1_233' title='bbox 629 2009 775 2039; x_wconf 81' lang='lat' dir='ltr'>CAVSA</span> <span class='ocrx_word' id='word_1_234' title='bbox 807 2007 958 2037; x_wconf 82' lang='lat' dir='ltr'><strong>LATET</strong></span> <span class='ocrx_word' id='word_1_235' title='bbox 991 2005 1103 2035; x_wconf 83' lang='lat' dir='ltr'><strong>DVRI</strong></span> <span class='ocrx_word' id='word_1_236' title='bbox 1140 2003 1302 2034; x_wconf 82' lang='lat' dir='ltr'>MAGNO</span> <span class='ocrx_word' id='word_1_237' title='bbox 1343 2002 1427 2033; x_wconf 81' lang='lat' dir='ltr'>SED</span> <span class='ocrx_word' id='word_1_238' title='bbox 1460 2000 1619 2031; x_wconf 82' lang='lat' dir='ltr'><strong>AMORE</strong></span> <span class='ocrx_word' id='word_1_239' title='bbox 1658 1996 1872 2028; x_wconf 81' lang='lat' dir='ltr'>DOLORES</span> <span class='ocrx_word' id='word_1_240' title='bbox 1910 1994 2120 2026; x_wconf 86' lang='lat' dir='ltr'>POLLVTO</span> 
     </span>
     <span class='ocr_line' id='line_1_30' title="bbox 423 2055 2122 2121; baseline -0.011 -8"><span class='ocrx_word' id='word_1_241' title='bbox 423 2071 539 2113; x_wconf 63' lang='lat' dir='ltr'>“duri</span> <span class='ocrx_word' id='word_1_242' title='bbox 570 2068 744 2111; x_wconf 71' lang='lat' dir='ltr'>dolores&#39;</span> <span class='ocrx_word' id='word_1_243' title='bbox 776 2064 1015 2121; x_wconf 76' lang='grc' dir='ltr'><em>ὑπέρθεσις</em></span> <span class='ocrx_word' id='word_1_244' title='bbox 1046 2068 1125 2106; x_wconf 69' lang='lat' dir='ltr'>est:</span> <span class='ocrx_word' id='word_1_245' title='bbox 1162 2064 1232 2105; x_wconf 72' lang='lat' dir='ltr'>sed</span> <span class='ocrx_word' id='word_1_246' title='bbox 1270 2062 1461 2115; x_wconf 69' lang='lat' dir='ltr'>expositio</span> <span class='ocrx_word' id='word_1_247' title='bbox 1501 2060 1596 2101; x_wconf 55' lang='lat' dir='ltr'>talis</span> <span class='ocrx_word' id='word_1_248' title='bbox 1626 2061 1703 2100; x_wconf 74' lang='lat' dir='ltr'>est:</span> <span class='ocrx_word' id='word_1_249' title='bbox 1740 2055 1999 2111; x_wconf 81' lang='lat' dir='ltr'>ignorabant</span> <span class='ocrx_word' id='word_1_250' title='bbox 2036 2055 2122 2107; x_wconf 74' lang='lat' dir='ltr'>qui-</span> 
     </span>
     <span class='ocr_line' id='line_1_31' title="bbox 423 2127 2122 2187; baseline -0.011 -3"><span class='ocrx_word' id='word_1_251' title='bbox 423 2144 509 2184; x_wconf 73' lang='lat' dir='ltr'>dem</span> <span class='ocrx_word' id='word_1_252' title='bbox 555 2155 726 2183; x_wconf 84' lang='lat' dir='ltr'>causam</span> <span class='ocrx_word' id='word_1_253' title='bbox 767 2138 958 2187; x_wconf 53' lang='lat' dir='ltr'>Troiam,</span> <span class='ocrx_word' id='word_1_254' title='bbox 1000 2134 1258 2177; x_wconf 88' lang='lat' dir='ltr'>coniecturis</span> <span class='ocrx_word' id='word_1_255' title='bbox 1299 2135 1444 2174; x_wconf 86' lang='lat' dir='ltr'>tamen</span> <span class='ocrx_word' id='word_1_256' title='bbox 1485 2130 1659 2185; x_wconf 85' lang='lat' dir='ltr'>propius</span> <span class='ocrx_word' id='word_1_257' title='bbox 1703 2127 1978 2170; x_wconf 86' lang='lat' dir='ltr'>accedebant:</span> <span class='ocrx_word' id='word_1_258' title='bbox 2021 2139 2122 2166; x_wconf 88' lang='lat' dir='ltr'>nam</span> 
     </span>
     <span class='ocr_line' id='line_1_32' title="bbox 426 2197 2123 2263; baseline -0.011 -8"><span class='ocrx_word' id='word_1_259' title='bbox 426 2213 545 2254; x_wconf 72' lang='lat' dir='ltr'>eduri</span> <span class='ocrx_word' id='word_1_260' title='bbox 578 2212 746 2253; x_wconf 89' lang='lat' dir='ltr'>dolores</span> <span class='ocrx_word' id='word_1_261' title='bbox 779 2223 936 2263; x_wconf 83' lang='lat' dir='ltr'>magno</span> <span class='ocrx_word' id='word_1_262' title='bbox 970 2220 1115 2248; x_wconf 89' lang='lat' dir='ltr'>amore</span> <span class='ocrx_word' id='word_1_263' title='bbox 1147 2203 1348 2259; x_wconf 84' lang='lat' dir='ltr'>polluto’,</span> <span class='ocrx_word' id='word_1_264' title='bbox 1380 2204 1422 2244; x_wconf 91' lang='lat' dir='ltr'>id</span> <span class='ocrx_word' id='word_1_265' title='bbox 1455 2205 1520 2244; x_wconf 91' lang='lat' dir='ltr'>est</span> <span class='ocrx_word' id='word_1_266' title='bbox 1551 2203 1687 2255; x_wconf 86' lang='lat' dir='ltr'>laeso,</span> <span class='ocrx_word' id='word_1_267' title='bbox 1719 2202 1762 2240; x_wconf 92' lang='lat' dir='ltr'>et</span> <span class='ocrx_word' id='word_1_268' title='bbox 1792 2201 1920 2240; x_wconf 86' lang='lat' dir='ltr'>notus</span> <span class='ocrx_word' id='word_1_269' title='bbox 1946 2197 2123 2239; x_wconf 87' lang='lat' dir='ltr'>femina-</span> 
     </span>
     <span class='ocr_line' id='line_1_33' title="bbox 424 2268 2122 2330; baseline -0.011 -4"><span class='ocrx_word' id='word_1_270' title='bbox 424 2300 518 2326; x_wconf 91' lang='lat' dir='ltr'>rum</span> <span class='ocrx_word' id='word_1_271' title='bbox 550 2284 670 2324; x_wconf 82' lang='lat' dir='ltr'>furor</span> <span class='ocrx_word' id='word_1_272' title='bbox 703 2281 886 2322; x_wconf 86' lang='lat' dir='ltr'>ducebat</span> <span class='ocrx_word' id='word_1_273' title='bbox 918 2278 1127 2320; x_wconf 84' lang='lat' dir='ltr'>Troianos</span> <span class='ocrx_word' id='word_1_274' title='bbox 1160 2291 1236 2330; x_wconf 88' lang='lat' dir='ltr'>per</span> <span class='ocrx_word' id='word_1_275' title='bbox 1267 2276 1391 2316; x_wconf 89' lang='lat' dir='ltr'>triste</span> <span class='ocrx_word' id='word_1_276' title='bbox 1425 2273 1672 2329; x_wconf 80' lang='lat' dir='ltr'>augurium,</span> <span class='ocrx_word' id='word_1_277' title='bbox 1710 2270 1872 2312; x_wconf 88' lang='lat' dir='ltr'>scilicet</span> <span class='ocrx_word' id='word_1_278' title='bbox 1903 2271 1951 2310; x_wconf 90' lang='lat' dir='ltr'>ut</span> <span class='ocrx_word' id='word_1_279' title='bbox 1982 2268 2122 2310; x_wconf 87' lang='lat' dir='ltr'>crede-</span> 
     </span>
     <span class='ocr_line' id='line_1_34' title="bbox 425 2341 2121 2397; baseline -0.011 0"><span class='ocrx_word' id='word_1_280' title='bbox 425 2359 522 2397; x_wconf 88' lang='lat' dir='ltr'>rent</span> <span class='ocrx_word' id='word_1_281' title='bbox 554 2370 597 2396; x_wconf 89' lang='lat' dir='ltr'>se</span> <span class='ocrx_word' id='word_1_282' title='bbox 629 2352 897 2395; x_wconf 80' lang='lat' dir='ltr'>interemisse</span> <span class='ocrx_word' id='word_1_283' title='bbox 931 2349 1153 2391; x_wconf 88' lang='lat' dir='ltr'>Didonem.</span> <span class='ocrx_word' id='word_1_284' title='bbox 1215 2347 1339 2387; x_wconf 87' lang='lat' dir='ltr'>multi</span> <span class='ocrx_word' id='word_1_285' title='bbox 1372 2346 1519 2387; x_wconf 89' lang='lat' dir='ltr'>dicunt</span> <span class='ocrx_word' id='word_1_286' title='bbox 1550 2341 1754 2384; x_wconf 69' lang='lat' dir='ltr'>‘ducunt’</span> <span class='ocrx_word' id='word_1_287' title='bbox 1788 2341 2041 2394; x_wconf 86' lang='lat' dir='ltr'>dilacerant,</span> <span class='ocrx_word' id='word_1_288' title='bbox 2073 2341 2121 2379; x_wconf 90' lang='lat' dir='ltr'>ut</span> 
     </span>
     <span class='ocr_line' id='line_1_35' title="bbox 426 2409 2119 2478; baseline -0.011 -11"><span class='ocrx_word' id='word_1_289' title='bbox 426 2427 477 2467; x_wconf 91' lang='lat' dir='ltr'>ad</span> <span class='ocrx_word' id='word_1_290' title='bbox 511 2440 639 2478; x_wconf 82' lang='lat' dir='ltr'>supra</span> <span class='ocrx_word' id='word_1_291' title='bbox 671 2424 806 2464; x_wconf 82' lang='lat' dir='ltr'>dictas</span> <span class='ocrx_word' id='word_1_292' title='bbox 832 2422 936 2462; x_wconf 89' lang='lat' dir='ltr'>duas</span> <span class='ocrx_word' id='word_1_293' title='bbox 964 2434 1113 2461; x_wconf 84' lang='lat' dir='ltr'>causas</span> <span class='ocrx_word' id='word_1_294' title='bbox 1135 2418 1270 2462; x_wconf 77' lang='lat' dir='ltr'>tertia</span> <span class='ocrx_word' id='word_1_295' title='bbox 1296 2416 1487 2458; x_wconf 87' lang='lat' dir='ltr'>accedat:</span> <span class='ocrx_word' id='word_1_296' title='bbox 1514 2413 1815 2469; x_wconf 82' lang='lat' dir='ltr'>percellebant,</span> <span class='ocrx_word' id='word_1_297' title='bbox 1848 2411 1998 2465; x_wconf 88' lang='lat' dir='ltr'>inquit,</span> <span class='ocrx_word' id='word_1_298' title='bbox 2032 2409 2119 2450; x_wconf 89' lang='lat' dir='ltr'>ani-</span> 
     </span>
     <span class='ocr_line' id='line_1_36' title="bbox 427 2480 2174 2546; baseline -0.011 -8"><span class='ocrx_word' id='word_1_299' title='bbox 427 2512 519 2538; x_wconf 85' lang='lat' dir='ltr'>mos</span> <span class='ocrx_word' id='word_1_300' title='bbox 565 2495 868 2546; x_wconf 79' lang='lat' dir='ltr'>Troianorum,</span> <span class='ocrx_word' id='word_1_301' title='bbox 914 2491 1024 2545; x_wconf 85' lang='lat' dir='ltr'>quod</span> <span class='ocrx_word' id='word_1_302' title='bbox 1068 2489 1355 2530; x_wconf 84' lang='lat' dir='ltr'>nascebantur</span> <span class='ocrx_word' id='word_1_303' title='bbox 1400 2487 1493 2527; x_wconf 87' lang='lat' dir='ltr'>duri</span> <span class='ocrx_word' id='word_1_304' title='bbox 1537 2485 1704 2526; x_wconf 85' lang='lat' dir='ltr'>dolores</span> <span class='ocrx_word' id='word_1_305' title='bbox 1753 2497 1896 2524; x_wconf 84' lang='lat' dir='ltr'>amore</span> <span class='ocrx_word' id='word_1_306' title='bbox 1941 2480 2123 2535; x_wconf 87' lang='lat' dir='ltr'>polluto,</span> <span class='ocrx_word' id='word_1_307' title='bbox 2170 2512 2174 2516; x_wconf 92' lang='lat'>.</span> 
     </span>
     <span class='ocr_line' id='line_1_37' title="bbox 429 2551 2120 2622; baseline -0.01 -14"><span class='ocrx_word' id='word_1_308' title='bbox 429 2567 539 2622; x_wconf 88' lang='lat' dir='ltr'>quod</span> <span class='ocrx_word' id='word_1_309' title='bbox 571 2568 698 2606; x_wconf 88' lang='lat' dir='ltr'>notus</span> <span class='ocrx_word' id='word_1_310' title='bbox 732 2565 823 2605; x_wconf 85' lang='lat' dir='ltr'>erat</span> <span class='ocrx_word' id='word_1_311' title='bbox 860 2561 1043 2602; x_wconf 85' lang='lat' dir='ltr'>feminae</span> <span class='ocrx_word' id='word_1_312' title='bbox 1082 2560 1216 2613; x_wconf 83' lang='lat' dir='ltr'>furor,</span> <span class='ocrx_word' id='word_1_313' title='bbox 1260 2557 1370 2612; x_wconf 90' lang='lat' dir='ltr'>quod</span> <span class='ocrx_word' id='word_1_314' title='bbox 1408 2557 1551 2611; x_wconf 89' lang='lat' dir='ltr'>ignem</span> <span class='ocrx_word' id='word_1_315' title='bbox 1590 2555 1683 2609; x_wconf 86' lang='lat' dir='ltr'>rogi</span> <span class='ocrx_word' id='word_1_316' title='bbox 1722 2553 1943 2606; x_wconf 82' lang='lat' dir='ltr'>videbant,</span> <span class='ocrx_word' id='word_1_317' title='bbox 1981 2551 2023 2592; x_wconf 87' lang='lat' dir='ltr'>id</span> <span class='ocrx_word' id='word_1_318' title='bbox 2055 2552 2120 2591; x_wconf 89' lang='lat' dir='ltr'>est</span> 
     </span>
    </p>
   </div>
   <div class='ocr_carea' id='block_1_8' title="bbox 526 2686 1602 2729">
    <p class='ocr_par' dir='ltr' id='par_1_10' title="bbox 526 2686 1602 2729">
     <span class='ocr_line' id='line_1_38' title="bbox 526 2686 1602 2729; baseline -0.01 0"><span class='ocrx_word' id='word_1_319' title='bbox 526 2700 566 2729; x_wconf 75' lang='lat'>12</span> <span class='ocrx_word' id='word_1_320' title='bbox 594 2706 666 2728; x_wconf 85' lang='lat' dir='ltr'>non</span> <span class='ocrx_word' id='word_1_321' title='bbox 694 2703 772 2727; x_wconf 79' lang='lat' dir='ltr'>esse</span> <span class='ocrx_word' id='word_1_322' title='bbox 801 2720 806 2725; x_wconf 94' lang='lat'>.</span> <span class='ocrx_word' id='word_1_323' title='bbox 836 2720 842 2725; x_wconf 95' lang='lat'>.</span> <span class='ocrx_word' id='word_1_324' title='bbox 872 2718 877 2724; x_wconf 92' lang='lat'><strong><em>.</em></strong></span> <span class='ocrx_word' id='word_1_325' title='bbox 905 2691 1025 2723; x_wconf 78' lang='lat' dir='ltr'>atrum</span> <span class='ocrx_word' id='word_1_326' title='bbox 1051 2698 1161 2722; x_wconf 63' lang='lat' dir='ltr'>caesor.</span> <span class='ocrx_word' id='word_1_327' title='bbox 1191 2687 1282 2721; x_wconf 66' lang='lat' dir='ltr'>Iszsd.</span> <span class='ocrx_word' id='word_1_328' title='bbox 1311 2696 1361 2720; x_wconf 85' lang='lat' dir='ltr'>or.</span> <span class='ocrx_word' id='word_1_329' title='bbox 1388 2686 1474 2719; x_wconf 82' lang='lat' dir='ltr'>XIII</span> <span class='ocrx_word' id='word_1_330' title='bbox 1503 2688 1556 2727; x_wconf 83' lang='lat'>14,</span> <span class='ocrx_word' id='word_1_331' title='bbox 1583 2688 1602 2718; x_wconf 89' lang='lat'>3</span> 
     </span>
    </p>
   </div>
   <div class='ocr_carea' id='block_1_9' title="bbox 430 2795 2127 3187">
    <p class='ocr_par' dir='ltr' id='par_1_11' title="bbox 430 2795 2127 3187">
     <span class='ocr_line' id='line_1_39' title="bbox 526 2795 2122 2851; baseline -0.01 -6"><span class='ocrx_word' id='word_1_332' title='bbox 526 2819 545 2846; x_wconf 66' lang='lat'>:3</span> <span class='ocrx_word' id='word_1_333' title='bbox 573 2812 735 2847; x_wconf 72' lang='lat' dir='ltr'>efficorat</span> <span class='ocrx_word' id='word_1_334' title='bbox 761 2810 800 2844; x_wconf 89' lang='lat' dir='ltr'><em>F</em></span> <span class='ocrx_word' id='word_1_335' title='bbox 835 2809 962 2843; x_wconf 65' lang='lat' dir='ltr'>efferat</span> <span class='ocrx_word' id='word_1_336' title='bbox 989 2807 1019 2842; x_wconf 78' lang='grc' dir='ltr'><strong><em>Ο</em></strong></span> <span class='ocrx_word' id='word_1_337' title='bbox 1040 2808 1051 2851; x_wconf 76' lang='lat' dir='ltr'>[j</span> <span class='ocrx_word' id='word_1_338' title='bbox 1080 2811 1100 2840; x_wconf 80' lang='grc'><strong>6</strong></span> <span class='ocrx_word' id='word_1_339' title='bbox 1127 2805 1252 2839; x_wconf 71' lang='lat' dir='ltr'>sicar-it</span> <span class='ocrx_word' id='word_1_340' title='bbox 1278 2804 1316 2837; x_wconf 87' lang='lat' dir='ltr'><em>F</em></span> <span class='ocrx_word' id='word_1_341' title='bbox 1338 2805 1350 2848; x_wconf 82' lang='grc' dir='ltr'>ΙΙ</span> <span class='ocrx_word' id='word_1_342' title='bbox 1380 2808 1422 2838; x_wconf 91' lang='grc'>10</span> <span class='ocrx_word' id='word_1_343' title='bbox 1449 2803 1551 2837; x_wconf 87' lang='lat' dir='ltr'>aestu</span> <span class='ocrx_word' id='word_1_344' title='bbox 1577 2799 1727 2845; x_wconf 84' lang='lat' dir='ltr'>zephyri</span> <span class='ocrx_word' id='word_1_345' title='bbox 1754 2808 1933 2841; x_wconf 88' lang='lat' dir='ltr'>eurusque</span> <span class='ocrx_word' id='word_1_346' title='bbox 1958 2796 1998 2830; x_wconf 83' lang='lat' dir='ltr'><em>F</em></span> <span class='ocrx_word' id='word_1_347' title='bbox 2018 2797 2030 2840; x_wconf 84' lang='grc' dir='ltr'>ΙΙ</span> <span class='ocrx_word' id='word_1_348' title='bbox 2057 2795 2122 2829; x_wconf 84' lang='lat' dir='ltr'>ha-</span> 
     </span>
     <span class='ocr_line' id='line_1_40' title="bbox 430 2843 2121 2904; baseline -0.011 -10"><span class='ocrx_word' id='word_1_349' title='bbox 430 2863 543 2895; x_wconf 60' lang='lat' dir='ltr'>beant</span> <span class='ocrx_word' id='word_1_350' title='bbox 569 2861 607 2893; x_wconf 97' lang='lat' dir='ltr'><em>F</em></span> <span class='ocrx_word' id='word_1_351' title='bbox 624 2862 635 2904; x_wconf 77' lang='grc' dir='ltr'>ΙΙ</span> <span class='ocrx_word' id='word_1_352' title='bbox 666 2863 704 2891; x_wconf 88' lang='grc'>11</span> <span class='ocrx_word' id='word_1_353' title='bbox 734 2858 811 2891; x_wconf 85' lang='lat' dir='ltr'>illic</span> <span class='ocrx_word' id='word_1_354' title='bbox 838 2857 876 2890; x_wconf 88' lang='lat' dir='ltr'><em>F</em></span> <span class='ocrx_word' id='word_1_355' title='bbox 901 2857 912 2900; x_wconf 80' lang='grc' dir='ltr'>Η</span> <span class='ocrx_word' id='word_1_356' title='bbox 943 2860 983 2888; x_wconf 77' lang='lat'>13</span> <span class='ocrx_word' id='word_1_357' title='bbox 1011 2853 1240 2888; x_wconf 79' lang='lat' dir='ltr'>luculentum</span> <span class='ocrx_word' id='word_1_358' title='bbox 1268 2852 1352 2885; x_wconf 65' lang='lat' dir='ltr'>NH</span> <span class='ocrx_word' id='word_1_359' title='bbox 1363 2851 1426 2885; x_wconf 79' lang='lat' dir='ltr'>M.-</span> <span class='ocrx_word' id='word_1_360' title='bbox 1452 2849 1674 2884; x_wconf 80' lang='lat' dir='ltr'>lutulentum</span> <span class='ocrx_word' id='word_1_361' title='bbox 1701 2846 1814 2881; x_wconf 81' lang='lat' dir='ltr'>FCL</span> <span class='ocrx_word' id='word_1_362' title='bbox 1840 2845 1914 2888; x_wconf 77' lang='lat' dir='ltr'>(secl</span> <span class='ocrx_word' id='word_1_363' title='bbox 1939 2843 2055 2878; x_wconf 87' lang='lat' dir='ltr'>lutule</span> <span class='ocrx_word' id='word_1_364' title='bbox 2080 2843 2121 2876; x_wconf 73' lang='lat' dir='ltr'>in</span> 
     </span>
     <span class='ocr_line' id='line_1_41' title="bbox 433 2888 2123 2952; baseline -0.012 -10"><span class='ocrx_word' id='word_1_365' title='bbox 433 2921 505 2943; x_wconf 49' lang='lat' dir='ltr'>*ra-s.</span> <span class='ocrx_word' id='word_1_366' title='bbox 534 2910 558 2951; x_wconf 80' lang='lat' dir='ltr'>l)</span> <span class='ocrx_word' id='word_1_367' title='bbox 588 2909 599 2952; x_wconf 78' lang='grc' dir='ltr'>Η</span> <span class='ocrx_word' id='word_1_368' title='bbox 634 2910 675 2940; x_wconf 66' lang='lat'>14</span> <span class='ocrx_word' id='word_1_369' title='bbox 702 2907 765 2938; x_wconf 82' lang='lat' dir='ltr'>aut</span> <span class='ocrx_word' id='word_1_370' title='bbox 791 2906 911 2939; x_wconf 74' lang='lat' dir='ltr'>atrum</span> <span class='ocrx_word' id='word_1_371' title='bbox 938 2914 1002 2936; x_wconf 81' lang='lat' dir='ltr'>om.</span> <span class='ocrx_word' id='word_1_372' title='bbox 1025 2902 1063 2935; x_wconf 91' lang='lat' dir='ltr'><em>F</em></span> <span class='ocrx_word' id='word_1_373' title='bbox 1088 2903 1099 2945; x_wconf 74' lang='grc' dir='ltr'>ΙΙ</span> <span class='ocrx_word' id='word_1_374' title='bbox 1134 2904 1173 2933; x_wconf 78' lang='grc'>16</span> <span class='ocrx_word' id='word_1_375' title='bbox 1201 2898 1333 2933; x_wconf 51' lang='lat' dir='ltr'>saxulis</span> <span class='ocrx_word' id='word_1_376' title='bbox 1360 2898 1407 2932; x_wconf 83' lang='lat' dir='ltr'><em>M</em></span> <span class='ocrx_word' id='word_1_377' title='bbox 1431 2899 1443 2942; x_wconf 79' lang='grc' dir='ltr'><strong>Η</strong></span> <span class='ocrx_word' id='word_1_378' title='bbox 1474 2902 1518 2931; x_wconf 78' lang='lat'>20</span> <span class='ocrx_word' id='word_1_379' title='bbox 1545 2896 1633 2930; x_wconf 88' lang='lat' dir='ltr'>edili</span> <span class='ocrx_word' id='word_1_380' title='bbox 1657 2895 1747 2928; x_wconf 86' lang='lat' dir='ltr'>LM</span> <span class='ocrx_word' id='word_1_381' title='bbox 1789 2891 1881 2928; x_wconf 85' lang='lat' dir='ltr'>ediri</span> <span class='ocrx_word' id='word_1_382' title='bbox 1906 2891 1947 2925; x_wconf 89' lang='grc' dir='ltr'>ΙΙ</span> <span class='ocrx_word' id='word_1_383' title='bbox 1970 2892 1981 2935; x_wconf 90' lang='grc' dir='ltr'>ΙΙ</span> <span class='ocrx_word' id='word_1_384' title='bbox 2012 2888 2123 2924; x_wconf 89' lang='lat' dir='ltr'>aedili</span> 
     </span>
     <span class='ocr_line' id='line_1_42' title="bbox 433 2936 2123 2999; baseline -0.012 -10"><span class='ocrx_word' id='word_1_385' title='bbox 433 2956 586 2999; x_wconf 74' lang='lat' dir='ltr'>diceret}</span> <span class='ocrx_word' id='word_1_386' title='bbox 615 2953 813 2987; x_wconf 62' lang='lat' dir='ltr'>edidicorct</span> <span class='ocrx_word' id='word_1_387' title='bbox 841 2951 879 2984; x_wconf 93' lang='lat' dir='ltr'><em>F</em></span> <span class='ocrx_word' id='word_1_388' title='bbox 901 2952 912 2995; x_wconf 80' lang='grc' dir='ltr'>ΙΙ</span> <span class='ocrx_word' id='word_1_389' title='bbox 944 2954 985 2983; x_wconf 73' lang='grc'>21</span> <span class='ocrx_word' id='word_1_390' title='bbox 1014 2948 1189 2981; x_wconf 84' lang='lat' dir='ltr'>honorem</span> <span class='ocrx_word' id='word_1_391' title='bbox 1217 2958 1280 2979; x_wconf 81' lang='lat' dir='ltr'>om.</span> <span class='ocrx_word' id='word_1_392' title='bbox 1310 2946 1339 2979; x_wconf 74' lang='lat' dir='ltr'>(J</span> <span class='ocrx_word' id='word_1_393' title='bbox 1375 2945 1511 2979; x_wconf 82' lang='lat' dir='ltr'>honore</span> <span class='ocrx_word' id='word_1_394' title='bbox 1540 2944 1586 2977; x_wconf 83' lang='lat' dir='ltr'><em>M</em></span> <span class='ocrx_word' id='word_1_395' title='bbox 1609 2944 1621 2987; x_wconf 77' lang='grc' dir='ltr'>ΙΙ</span> <span class='ocrx_word' id='word_1_396' title='bbox 1652 2946 1697 2976; x_wconf 76' lang='lat'>24</span> <span class='ocrx_word' id='word_1_397' title='bbox 1722 2939 1875 2983; x_wconf 86' lang='lat' dir='ltr'>lectum]</span> <span class='ocrx_word' id='word_1_398' title='bbox 1903 2940 2048 2982; x_wconf 80' lang='lat' dir='ltr'>tempus</span> <span class='ocrx_word' id='word_1_399' title='bbox 2075 2936 2123 2970; x_wconf 86' lang='lat' dir='ltr'><strong><em>M</em></strong></span> 
     </span>
     <span class='ocr_line' id='line_1_43' title="bbox 435 2984 2124 3045; baseline -0.011 -10"><span class='ocrx_word' id='word_1_400' title='bbox 435 3005 463 3045; x_wconf 68' lang='lat' dir='ltr'>(r</span> <span class='ocrx_word' id='word_1_401' title='bbox 489 3003 624 3036; x_wconf 71' lang='lat' dir='ltr'>lectum</span> <span class='ocrx_word' id='word_1_402' title='bbox 651 3011 826 3043; x_wconf 54' lang='lat' dir='ltr'>supersum</span> <span class='ocrx_word' id='word_1_403' title='bbox 854 3001 900 3039; x_wconf 76' lang='lat' dir='ltr'>m)</span> <span class='ocrx_word' id='word_1_404' title='bbox 927 2999 938 3041; x_wconf 76' lang='grc' dir='ltr'>Η</span> <span class='ocrx_word' id='word_1_405' title='bbox 966 3001 1009 3029; x_wconf 72' lang='lat' dir='ltr'>2ss</span> <span class='ocrx_word' id='word_1_406' title='bbox 1037 2994 1218 3039; x_wconf 75' lang='lat' dir='ltr'>ypertcsis</span> <span class='ocrx_word' id='word_1_407' title='bbox 1246 2993 1284 3026; x_wconf 93' lang='lat' dir='ltr'><em>F</em></span> <span class='ocrx_word' id='word_1_408' title='bbox 1306 2994 1317 3037; x_wconf 80' lang='grc' dir='ltr'>ΙΙ</span> <span class='ocrx_word' id='word_1_409' title='bbox 1346 2989 1548 3033; x_wconf 66' lang='grc' dir='ltr'><strong><em>ὑπέρθεσις</em></strong></span> <span class='ocrx_word' id='word_1_410' title='bbox 1574 2993 1630 3025; x_wconf 83' lang='lat' dir='ltr'>est</span> <span class='ocrx_word' id='word_1_411' title='bbox 1655 2989 1719 3023; x_wconf 89' lang='lat' dir='ltr'>sed</span> <span class='ocrx_word' id='word_1_412' title='bbox 1745 2985 1926 3031; x_wconf 81' lang='lat' dir='ltr'>expositio</span> <span class='ocrx_word' id='word_1_413' title='bbox 1952 2984 2040 3018; x_wconf 86' lang='lat' dir='ltr'>talis</span> <span class='ocrx_word' id='word_1_414' title='bbox 2067 2984 2124 3017; x_wconf 89' lang='lat' dir='ltr'>cst</span> 
     </span>
     <span class='ocr_line' id='line_1_44' title="bbox 433 3030 2127 3091; baseline -0.011 -8"><span class='ocrx_word' id='word_1_415' title='bbox 433 3051 543 3083; x_wconf 66' lang='lat' dir='ltr'>edidit</span> <span class='ocrx_word' id='word_1_416' title='bbox 566 3049 770 3091; x_wconf 54' lang='lat' dir='ltr'>stephanus</span> <span class='ocrx_word' id='word_1_417' title='bbox 789 3047 800 3089; x_wconf 84' lang='grc' dir='ltr'>ΙΙ</span> <span class='ocrx_word' id='word_1_418' title='bbox 821 3050 862 3079; x_wconf 72' lang='lat'>27</span> <span class='ocrx_word' id='word_1_419' title='bbox 884 3044 979 3078; x_wconf 67' lang='lat' dir='ltr'>troia</span> <span class='ocrx_word' id='word_1_420' title='bbox 1002 3042 1040 3076; x_wconf 89' lang='lat' dir='ltr'><em>F</em></span> <span class='ocrx_word' id='word_1_421' title='bbox 1055 3044 1066 3086; x_wconf 78' lang='grc' dir='ltr'>ΙΙ</span> <span class='ocrx_word' id='word_1_422' title='bbox 1087 3039 1305 3076; x_wconf 79' lang='lat' dir='ltr'>coniectoris</span> <span class='ocrx_word' id='word_1_423' title='bbox 1326 3040 1412 3074; x_wconf 76' lang='grc' dir='ltr'>ΝΗ</span> <span class='ocrx_word' id='word_1_424' title='bbox 1431 3041 1442 3083; x_wconf 76' lang='grc' dir='ltr'>ΙΙ</span> <span class='ocrx_word' id='word_1_425' title='bbox 1461 3043 1505 3072; x_wconf 75' lang='lat'>‘29</span> <span class='ocrx_word' id='word_1_426' title='bbox 1526 3035 1806 3072; x_wconf 69' lang='lat' dir='ltr'>‹lucebatLM-</span> <span class='ocrx_word' id='word_1_427' title='bbox 1827 3033 1986 3067; x_wconf 85' lang='lat' dir='ltr'>docebat</span> <span class='ocrx_word' id='word_1_428' title='bbox 2006 3030 2127 3065; x_wconf 82' lang='lat' dir='ltr'>FGN</span> 
     </span>
     <span class='ocr_line' id='line_1_45' title="bbox 434 3084 2122 3139; baseline -0.012 -9"><span class='ocrx_word' id='word_1_429' title='bbox 434 3098 506 3139; x_wconf 68' lang='lat' dir='ltr'>(secl</span> <span class='ocrx_word' id='word_1_430' title='bbox 532 3110 551 3129; x_wconf 83' lang='lat' dir='ltr'>o</span> <span class='ocrx_word' id='word_1_431' title='bbox 578 3108 620 3129; x_wconf 59' lang='grc' dir='ltr'>(κω</span> <span class='ocrx_word' id='word_1_432' title='bbox 647 3097 850 3128; x_wconf 68' lang='lat' dir='ltr'>correctura</span> <span class='ocrx_word' id='word_1_433' title='bbox 878 3092 934 3134; x_wconf 87' lang='lat' dir='ltr'>N)</span> <span class='ocrx_word' id='word_1_434' title='bbox 972 3090 1119 3124; x_wconf 82' lang='lat' dir='ltr'>dicebat</span> <span class='ocrx_word' id='word_1_435' title='bbox 1144 3088 1184 3122; x_wconf 79' lang='grc' dir='ltr'><strong><em>Π</em></strong></span> <span class='ocrx_word' id='word_1_436' title='bbox 1208 3090 1219 3131; x_wconf 75' lang='grc' dir='ltr'>ΙΙ</span> <span class='ocrx_word' id='word_1_437' title='bbox 1250 3098 1315 3131; x_wconf 78' lang='lat' dir='ltr'>per</span> <span class='ocrx_word' id='word_1_438' title='bbox 1339 3086 1443 3120; x_wconf 85' lang='lat' dir='ltr'>triste</span> <span class='ocrx_word' id='word_1_439' title='bbox 1470 3084 1679 3129; x_wconf 79' lang='lat' dir='ltr'>augurium]</span> <span class='ocrx_word' id='word_1_440' title='bbox 1707 3094 1826 3116; x_wconf 63' lang='lat' dir='ltr'>&#39;musra</span> <span class='ocrx_word' id='word_1_441' title='bbox 1852 3092 1915 3113; x_wconf 69' lang='lat' dir='ltr'>vnn</span> <span class='ocrx_word' id='word_1_442' title='bbox 1941 3090 2122 3113; x_wconf 65' lang='lat' dir='ltr'>Avavmvm</span> 
     </span>
     <span class='ocr_line' id='line_1_46' title="bbox 434 3133 1448 3187; baseline -0.01 -11"><span class='ocrx_word' id='word_1_443' title='bbox 434 3144 465 3176; x_wconf 76' lang='lat' dir='ltr'><em>L</em></span> <span class='ocrx_word' id='word_1_444' title='bbox 491 3145 502 3187; x_wconf 71' lang='lat'>11</span> <span class='ocrx_word' id='word_1_445' title='bbox 529 3148 567 3175; x_wconf 69' lang='lat'>:31</span> <span class='ocrx_word' id='word_1_446' title='bbox 599 3141 853 3185; x_wconf 66' lang='lat' dir='ltr'>percelebrant</span> <span class='ocrx_word' id='word_1_447' title='bbox 879 3139 921 3171; x_wconf 69' lang='lat' dir='ltr'><em>N</em></span> <span class='ocrx_word' id='word_1_448' title='bbox 943 3139 1048 3181; x_wconf 76' lang='lat' dir='ltr'>(corr.</span> <span class='ocrx_word' id='word_1_449' title='bbox 1074 3137 1114 3180; x_wconf 73' lang='lat' dir='ltr'>oz)</span> <span class='ocrx_word' id='word_1_450' title='bbox 1143 3134 1380 3179; x_wconf 70' lang='lat' dir='ltr'>poi-celebant</span> <span class='ocrx_word' id='word_1_451' title='bbox 1405 3133 1448 3167; x_wconf 81' lang='grc' dir='ltr'><em>Π</em></span> 
     </span>
    </p>
   </div>
  </div>
 </body>
</html>
