2204 3437
594 174 742 210 COMM.
768 174 821 209 IN
846 173 989 208 VERG.
1016 172 1125 208 AEN.
1154 173 1195 207 ΙΙ,
1223 174 1420 205 512-530.
1765 171 1849 211 299

158 296 321 332 emar&
362 284 435 323 aut
466 284 641 336 propter
672 282 758 323 vim
790 281 1000 322 bellicam.
1120 289 1323 320 ALTARIA
1356 292 1606 331 superorum
1638 280 1680 318 et
1712 277 1850 319 earae’

163 355 261 394 sunt
293 355 335 393 et
368 351 576 405 ‘altar-ia’,
618 352 850 393 inferorum
889 353 1058 392 tantun]
1096 347 1250 390 ‘arae’.
1314 346 1431 388 ‘ara'
1465 350 1607 388 autem
1640 348 1795 388 dicitur
1828 363 1852 388 a

159 423 376 477 precibus,
415 438 518 476 quas
552 422 705 464 Graeci
743 417 849 476 ἀρὰς
881 420 1044 474 dicunt3
1083 419 1191 460 unde
1231 420 1379 460 contra
1418 417 1654 471 inprecatio
1687 415 1851 471 κατάρα

162 493 329 535 dicitur.

280 563 376 604 516.
426 573 724 604 PRAECIPITES
751 562 949 615 festinae,
976 562 1150 615 propter
1177 561 1502 613 tempestatem:
1531 561 1572 600 et
1599 560 1705 600 bene
1727 558 1851 600 ‘atra'
1880 567 1898 595 5

161 633 342 687 addidit,
375 633 475 687 quia
507 635 572 673 est
604 635 646 673 et
678 632 812 686 clara,
844 634 892 673 ut
924 630 1013 685 <IX
1046 631 1128 684 19>
1161 631 1288 671 unde
1321 630 1445 671 haec
1477 632 1575 670 tam
1610 630 1749 671 clara
1780 645 1852 671 re-

160 705 311 758 pente
342 704 635 756 tempestas.

279 773 375 814 519.
424 784 535 814 DIRA
572 772 698 814 modo
738 772 927 827 proprie:
971 770 1105 813 ‘dira'
1146 771 1258 812 enim
1298 772 1364 811 est
1401 770 1576 811 deorum
1614 770 1689 812 ira.
1751 784 1853 824 ergo

159 844 292 899 equae
324 857 443 884 mens
476 842 617 884 infusa
650 857 699 883 ex
732 843 908 884 deorum
939 841 1053 883 ira‘?'

282 914 378 956 520.
430 930 539 956 TELIS
568 914 709 955 armis.
831 924 933 954 RVIS
967 915 1041 954 aut
1073 911 1271 966 festinas,
1304 913 1377 952 aut
1407 910 1567 952 incedis
1601 911 1805 952 seniliter.
1884 917 1926 947 10

281 984 378 1026 522.
428 996 524 1026 NON
556 996 595 1025 51
629 995 726 1025 IPSE
758 995 876 1025 MEVS
906 984 1008 1024 mire
1034 972 1276 1036 ‘meus’jut
1300 983 1447 1023 matris
1471 982 1760 1034 eaprimeretur
1784 982 1855 1022 ad-

156 1057 287 1109 fectio.
349 1059 386 1096 et
416 1054 620 1096 subaudis
654 1054 821 1108 eposset
853 1052 1112 1094 defen'dere'.

279 1126 376 1168 524.
423 1142 504 1167 AVT
520 1141 692 1166 MORIERE
710 1140 829 1165 SJMVL
860 1127 907 1165 ut
947 1125 1085 1177 reliffl'o
1124 1127 1198 1164 aul}
1229 1125 1390 1177 pariter
1430 1137 1566 1165 onmes
1604 1126 1745 1176 servet,
1785 1126 1858 1163 (ιιιέ

163 1197 288 1239 simul
331 1196 563 1237 moriantur
600 1208 745 1236 omnes.
867 1205 956 1236 ORE
995 1205 1179 1235 EFFATA
1217 1194 1407 1235 abundat
1446 1193 1571 1236 ς01·6’.
1632 1197 1688 1235 6515
1723 1197 1858 1234 autem

162 1270 298 1322 ftyura
320 1267 588 1320 pleonasmos.
1886 1270 1925 1300 15

280 1337 376 1379 528.
427 1346 580 1378 VACVA
613 1334 782 1376 vaczta’
816 1349 989 1390 magna,
1023 1349 1129 1390 quae
1161 1335 1334 1377 difficile
1368 1336 1632 1389 conplentur.
1682 1349 1737 1376 an
1769 1335 1857 1376 ··-1(ι

162 1408 257 1452 cua’
261 1409 400 1464 ,quia
431 1408 477 1449 in
508 1420 636 1448 unum
667 1407 724 1448 acl
752 1419 872 1447 aram
909 1406 1203 1460 confuyemnt?
1264 1420 1321 1447 cm
1353 1405 1521 1447 vacua'
1564 1407 1645 1447 iam
1676 1407 1764 1447 Sine
1794 1407 1857 1447 de-

160 1479 402 1533 femoribus.
397 1478 417 1507 9

281 1548 629 1591 529.1NFESTO
663 1558 880 1589 VVLNERE
913 1547 1074 1589 bonum
1107 1547 1296 1589 schema:
1330 1546 1525 1589 ‘vulnus’
1559 1562 1636 1601 pro
1668 1547 1766 1588 telo.

161 1637 322 1664 nvmsro
348 1621 542 1671 VVLNERE]
577 1632 633 1660 cm
666 1615 856 1659 ‘vulnus’
887 1619 995 1670 quod
1025 1617 1195 1672 inflixit,
1228 1632 1284 1659 cm
1315 1619 1421 1670 qnod
1452 1618 1680 1672 insliyeret?
1885 1623 1929 1653 20

281 1691 378 1733 530.
431 1707 574 1732 PREMJJ
613 1692 742 1742 umet,
782 1691 829 1729 ut
865 1688 914 1741 <I
952 1688 1067 1741 324>
1111 1689 1223 1741 apri
1266 1702 1460 1730 cursam
1502 1689 1711 1730 clamore
1749 1701 1859 1741 pre-

163 1765 383 1804 mentem:
414 1760 515 1802 alibi
552 1757 742 1813 ‘premit'
780 1759 988 1812 interficit,
1025 1760 1084 1801 vel
1115 1760 1325 1813 opprimit,
1362 1763 1409 1800 ‘ut
1439 1759 1530 1813 <IX
1562 1759 1676 1812 328>
1709 1760 1858 1799 arnn-

159 1845 418 1888 yerumque
448 1831 587 1873 Remi
609 1830 802 1884 premit.

260 1964 280 1995 2
307 1971 372 1994 ara
397 1959 521 1994 autem
550 1988 556 1994 .
579 1987 584 1993 .
609 1988 614 1994 .
642 1954 786 2001 κατάρα
814 1957 963 2002 dicitur]
995 1968 1106 1992 exscr.
1133 1956 1217 1992 Isid.
1246 1957 1336 2002 orig.
1363 1958 1430 1992 XV
1456 1962 1488 2001 4,
1517 1962 1558 1992 13
1579 1958 1590 2001 ΙΙ
1611 1962 1630 1992 8
1657 1957 1737 1991 dira
1763 1957 1858 1991 enim

165 2010 220 2044 est
244 2008 397 2043 deornm
421 2006 492 2052 ira]
521 2006 564 2041 cf.
593 2005 677 2040 lsid.
704 2005 794 2049 orig.
822 2005 855 2039 X
882 2008 935 2039 75.
963 2004 1038 2038 diff.
1064 2005 1163 2039 verb.
1194 2008 1257 2038 141
1290 2006 1302 2049 ΙΙ
1335 2008 1376 2039 19
1408 2005 1547 2039 boumn
1583 2005 1731 2039 schema
1760 2005 1859 2038 ‘vul-

164 2055 254 2090 nus’
282 2066 348 2099 pro
374 2053 467 2100 telo]
495 2053 539 2088 ef.
567 2053 669 2087 Luct.
696 2052 796 2087 Plao.
824 2051 871 2087 ad
897 2051 991 2087 Stat.
1013 2051 1128 2087 Theb.
1149 2052 1199 2086 IX
1219 2056 1286 2086 345
1307 2053 1318 2097 ΙΙ
1338 2056 1381 2086 21
1408 2051 1550 2086 Premit
1575 2053 1682 2096 urget
1708 2063 1738 2087 e.
1761 2063 1793 2095 q.
1816 2051 1859 2096 s.]

166 2102 210 2138 cf.
236 2101 377 2137 Nonius
403 2113 438 2146 p.
465 2104 534 2148 364
554 2112 605 2144 sq.
632 2100 680 2133 M.

263 2223 278 2253 1
308 2218 483 2253 bellicum
510 2218 538 2253 C'
555 2219 566 2262 ΙΙ
591 2222 611 2252 2
637 2217 784 2252 tantum
811 2227 875 2251 om.
902 2217 944 2250 H
969 2217 980 2261 ΙΙ
1006 2221 1025 2250 3
1054 2228 1135 2251 aras
1163 2216 1230 2251 GL
1256 2228 1306 2251 ap
1301 2228 1341 2251 ι(
1368 2217 1412 2251 Η
1426 2218 1438 2261 ΙΙ
1462 2217 1604 2261 dicunt]
1632 2216 1803 2251 dicuntur
1829 2217 1863 2250 L

168 2267 295 2301 dieunt
319 2266 362 2299 ut
387 2265 431 2299 H
451 2267 462 2309 ΙΙ
490 2265 676 2309 praecatio
704 2265 744 2298 H
767 2266 779 2308 11
805 2264 932 2298 catara
959 2264 988 2298 C
996 2264 1043 2297 M
1073 2265 1204 2298 Katara
1230 2264 1270 2298 H
1295 2266 1306 2308 ΙΙ
1334 2269 1355 2298 4
1381 2264 1531 2309 dicitur]
1565 2263 1631 2299 alii
1661 2264 1792 2299 volunt
1817 2264 1862 2298 ab

170 2307 382 2356 altitudine,
410 2312 473 2346 sed
499 2312 596 2346 malo
623 2312 706 2346 add.
733 2311 931 2345 Fabricius
956 2322 999 2345 ου
1026 2312 1118 2345 Isid.
1145 2322 1195 2346 01.
1223 2312 1289 2345 XV
1315 2313 1501 2354 4,13.115
1530 2312 1578 2346 acl
1603 2322 1633 2345 v.
1661 2314 1728 2345 516
1755 2311 1861 2345 Prae

169 2360 315 2405 cipites]
344 2359 499 2394 festinae
524 2359 676 2403 propter
701 2358 974 2402 tempestatem.
1005 2357 1040 2390 P
1056 2359 1067 2402 ΙΙ
1088 2362 1107 2391 6
1135 2359 1173 2392 et
1198 2362 1280 2393 ante
1306 2358 1405 2392 clara
1431 2370 1496 2392 om.
1525 2358 1555 2392 (J
1571 2360 1582 2401 ΙΙ
1602 2359 1675 2392 ut.
1727 2387 1733 2392 .
1762 2357 1838 2391 clar
1842 2369 1863 2391 a

170 2419 235 2442 om.
261 2407 295 2440 L
321 2407 419 2449 (add.
446 2407 472 2450 l)
503 2407 515 2449 ΙΙ
546 2409 565 2439 8
599 2406 647 2440 acl
677 2417 707 2440 v.
736 2408 802 2438 519
828 2404 933 2449 Dira]
966 2405 1075 2439 modo
1108 2404 1256 2448 proprie
1284 2434 1290 2439 .
1314 2433 1320 2439 .
1343 2434 1349 2440 .
1375 2405 1441 2441 ira.
1477 2406 1512 2438 P
1541 2407 1552 2448 ΙΙ
1585 2406 1604 2439 9
1637 2404 1756 2449 mens]
1783 2404 1863 2437 dira

167 2454 205 2488 id
232 2455 289 2488 est
312 2454 417 2497 vulyo
443 2453 603 2488 additur.
630 2453 642 2495 ss
669 2455 710 2486 10
737 2452 785 2487 ad
810 2463 841 2486 v.
869 2456 937 2487 520
963 2451 1079 2497 Telis]
1107 2451 1230 2486 armis,
1281 2452 1387 2497 linis]
1422 2454 1486 2486 aut
1512 2451 1681 2494 festinas,
1715 2452 1779 2485 aut
1811 2451 1862 2484 in-

174 2500 274 2536 cedis
300 2500 474 2535 seniliter.
504 2500 540 2534 P
562 2501 574 2544 ΙΙ
607 2500 672 2534 aut
696 2502 779 2534 cente
804 2498 958 2533 festinas
984 2510 1048 2533 om.
1078 2499 1126 2532 M
1132 2510 1148 2533 e
1172 2500 1184 2543 ΙΙ
1211 2499 1375 2534 seniliter
1400 2510 1443 2533 ea*
1469 2499 1641 2533 seneliter
1666 2499 1698 2532 L
1728 2500 1739 2542 Η
1771 2498 1861 2532 seni-

170 2548 255 2583 liter
281 2548 346 2582 aut
370 2547 578 2582 inconsulto
605 2547 643 2580 D
673 2547 685 2590 ΙΙ
718 2550 758 2580 11
787 2547 836 2580 cul
863 2558 894 2581 v.
922 2550 988 2581 522
1015 2545 1098 2581 Non
1125 2546 1156 2580 si
1181 2546 1258 2591 ipse
1285 2547 1404 2591 meus]
1432 2546 1606 2580 subaudis
1634 2546 1778 2590 ‘posset
1803 2545 1861 2578 de-

168 2594 353 2630 fendere’.
384 2594 420 2627 P
447 2595 459 2637 ss
490 2607 564 2628 IPSE
590 2606 680 2628 MEVS
707 2607 737 2627 N.
766 2607 800 2628 H.
826 2605 858 2628 A.
888 2593 919 2628 C
952 2606 1020 2628 NON
1047 2606 1078 2627 51
1105 2594 1267 2629 omittens
1299 2596 1310 2637 ΙΙ
1345 2598 1385 2628 12
1420 2593 1576 2628 subaudi
1608 2593 1705 2627 filius
1738 2592 1865 2636 posset

169 2641 364 2677 defendere
389 2641 427 2675 D
446 2642 458 2685 ΙΙ
480 2645 520 2676 13
548 2642 596 2676 acl
620 2652 651 2675 v.
679 2644 747 2675 524
775 2640 845 2674 Ore
872 2640 998 2686 effata]
1027 2640 1192 2675 abundat
1220 2641 1337 2676 ‘or-e'.
1389 2642 1444 2675 est
1470 2642 1592 2675 autem
1621 2640 1669 2684 fi¹r
1657 2651 1737 2673 rura
1763 2640 1861 2683 pleo-

168 2700 328 2741 nasmos.
358 2689 421 2733 ΡΙΙ
440 2700 595 2722 Mourena
623 2688 839 2722 02:1101111112
868 2686 924 2730 011
946 2691 988 2722 14
1014 2687 1219 2722 moriantur
1239 2689 1433 2732 S'cioppcus
1460 2668 1865 2722 enotcmt:²⁵n10ri111m1r

173 2735 203 2770 O
225 2735 425 2771 moriamur
452 2735 656 2770 Maso-icius
675 2736 686 2779 Η
714 2735 879 2769 abundat
904 2735 981 2779 ore]
1009 2734 1297 2770 abundantiores
1325 2735 1354 2770 G
1369 2737 1380 2779 ΙΙ
1406 2735 1599 2769 habundat
1624 2734 1663 2767 Lv
1674 2736 1697 2786 ἸΙ
1723 2732 1862 2776 autem]

171 2782 268 2817 enim
296 2783 501 2817 Illasvicius
520 2783 665 2826 pn'mus
695 2782 706 2825 ΙΙ
740 2786 781 2816 16
816 2783 864 2816 ad
888 2793 920 2816 ι).
948 2785 1015 2816 528
1043 2782 1184 2826 Vacua]
1212 2794 1324 2826 quare
1351 2786 1490 2817 vacua?
1524 2783 1588 2815 aut
1620 2781 1707 2824 quia
1739 2790 1864 2813 ornnes

171 2829 218 2864 ad
243 2841 345 2864 aram
373 2829 631 2872 confugerent3
665 2829 730 2862 aut
761 2839 879 2863 vacua
912 2840 933 2863 a
960 2828 1128 2863 Troiani5
1162 2829 1319 2872 civibns;
1355 2831 1418 2863 aut
1450 2840 1566 2863 varicum
1599 2828 1674 2861 iun
1709 2828 1864 2861 Graeco-

170 2888 251 2911 rum
277 2877 315 2911 et
339 2876 568 2921 possessione
596 2875 786 2917 vacantia3
821 2876 886 2910 aut
917 2876 1014 2910 certe
1041 2876 1166 2920 ampla
1198 2876 1257 2910 vel
1284 2887 1435 2920 magna,
1468 2887 1560 2918 quae
1593 2874 1742 2907 difficile
1770 2885 1864 2907 com-

174 2923 374 2967 plerentur.
399 2923 438 2957 D
457 2925 468 2968 ΙΙ
488 2922 623 2957 dificile
644 2922 915 2966 complerentur
936 2923 965 2957 C
981 2923 993 2966 ΙΙ
1017 2927 1055 2957 17
1084 2934 1184 2957 aram
1204 2924 1401 2968 Berylcius:
1428 2934 1490 2956 ara
1513 2921 1542 2955 C
1563 2933 1646 2955 aras
1673 2921 1866 2964 ›s‘cae‘oppins

172 2972 329 3006 enotavit
358 2972 369 3015 ΙΙ
404 2975 444 3005 19
483 2971 531 3005 acl
571 2982 598 3004 v.
632 2973 699 3004 529
734 2969 871 3004 Infesto
909 2969 1075 3015 uulnere]
1114 2971 1248 3004 bonum
1287 2998 1292 3003 .
1326 2998 1331 3003 .
1364 2998 1369 3004 .
1406 2969 1599 3013 infligeret.
1639 2968 1673 3001 1¹
1702 2969 1713 3012 ΙΙ
1745 2978 1866 3002 scema

173 3017 356 3052 LHMP
378 3019 390 3062 ΙΙ
416 3021 460 3051 20
486 3017 599 3062 quod]
628 3016 716 3060 quia
743 3017 779 3050 P
801 3017 813 3061 11
842 3021 883 3050 21
912 3017 961 3051 ad
985 3028 1015 3051 v.
1044 3021 1111 3051 530
1138 3016 1292 3061 Premit]
1322 3017 1428 3060 urget
1455 3045 1461 3051 .
1484 3045 1489 3050 .
1513 3044 1518 3049 .
1550 3015 1865 3059 ‘armigerumque

174 3064 282 3098 Remi
306 3064 461 3108 premit'
493 3063 812 3109 (aronigcrumque
838 3063 1037 3108 repremit).
1068 3065 1103 3097 P
1128 3065 1139 3107 ΙΙ
1165 3068 1207 3097 22
1235 3063 1371 3107 premit
1395 3073 1459 3097 om.
1491 3063 1525 3096 P
1548 3063 1560 3105 ΙΙ
1585 3062 1771 3096 interfecit
1800 3062 1834 3094 P
1856 3062 1857 3094 l

175 3111 326 3154 oprimit
354 3112 389 3145 P
