2204 3437
667 803 859 845 sERVn
891 801 1258 844 GRAMMATICI

226 918 299 972 IN
343 917 653 973 VERGILII
697 915 1042 971 AENEIDOS
1086 914 1355 970 LIBRVM
1399 913 1703 980 QVINTVM

686 1045 1242 1102 COMMENTARIVS.

244 1257 278 1297 1.
329 1266 529 1296 INTEREA
574 1254 673 1295 dum
721 1255 846 1295 fletur
891 1257 965 1295 aut
1003 1253 1208 1307 sepelitur
1244 1251 1372 1294 Dido:
1423 1254 1465 1292 et
1501 1252 1582 1293 hoc
1623 1265 1817 1292 sermone

122 1327 291 1381 librum,
322 1328 369 1367 nt
403 1326 523 1380 solet,
556 1325 847 1379 superioribus
880 1325 1032 1366 iunxit.
1089 1323 1208 1364 cuius
1250 1338 1349 1377 pars
1382 1323 1517 1364 maior
1550 1338 1600 1364 ex
1630 1322 1817 1363 Homero

123 1400 293 1451 sumpta
331 1400 413 1438 est:
453 1412 554 1438 nam
597 1397 741 1438 omnia
783 1410 890 1450 quae
929 1395 999 1436 hic
1051 1397 1375 1447 commemorat,
1416 1393 1668 1434 exhibentur
1708 1394 1819 1434 circa

121 1468 332 1509 tumulum
364 1467 566 1522 Patrocli,
601 1468 682 1508 nisi
716 1467 827 1521 quod
859 1467 948 1508 illic
981 1466 1124 1508 curule
1171 1467 1405 1519 exercetur,
1441 1465 1510 1505 hic
1547 1464 1695 1505 navale
1734 1478 1818 1504 cer-

122 1541 277 1580 tamen.
341 1553 439 1579 sane
473 1538 809 1593 intellegendum
853 1552 940 1579 non
980 1537 1171 1591 potuisse
1207 1536 1316 1589 fieri,
1356 1538 1403 1576 ut
1434 1550 1536 1590 una,
1576 1549 1653 1575 nec
1692 1534 1820 1588 plena

123 1610 188 1651 die
221 1610 388 1651 Aeneas
422 1609 475 1650 ad
508 1607 698 1651 Siciliam
730 1609 992 1661 perveniret:
1025 1608 1134 1650 unde
1168 1607 1459 1661 accipiendum
1493 1608 1578 1660 est,
1612 1606 1721 1647 sicut
1754 1620 1819 1646 su-

123 1696 201 1735 pra
232 1680 427 1735 legimus,
460 1679 571 1734 quod
605 1679 715 1721 circa
747 1679 933 1733 primum
967 1682 1107 1720 ortum
1136 1678 1240 1719 lucis
1268 1676 1500 1731 navigavit,
1526 1679 1574 1717 ut
1599 1675 1686 1728 <IV
1708 1675 1820 1729 586>

124 1752 305 1807 regina
355 1766 376 1792 e
421 1751 651 1805 speculis
696 1753 749 1792 ut
799 1750 1016 1804 primum
1065 1749 1330 1791 albescere
1382 1748 1543 1788 lucem
1594 1746 1723 1787 vidit
1773 1749 1821 1786 et

126 1823 360 1877 aequatis
394 1822 613 1864 classem
645 1822 925 1878 procedere
958 1821 1104 1862 velis.
1166 1834 1266 1874 ergo
1299 1822 1393 1860 tota
1419 1818 1485 1859 die
1513 1818 1612 1858 dum
1639 1832 1682 1858 se
1709 1816 1819 1859 Dido

123 1894 350 1948 interimit,
392 1893 490 1934 dum
532 1893 675 1947 fletur,
715 1892 939 1947 paululum
983 1894 1209 1945 provectus
1249 1893 1331 1944 est,
1372 1889 1525 1930 leniter
1558 1888 1820 1942 spirantibus

126 1965 278 2019 ventis,
311 1968 353 2005 et
384 1963 578 2005 flammas
611 1964 706 2018 rogi
739 1964 850 2005 circa
888 1977 1109 2017 vesperam
1148 1962 1273 2016 vidit,
1316 1976 1398 2015 quo
1437 1963 1628 2013 tempore
1669 1961 1710 1999 et
1747 1972 1822 2012 per

125 2039 326 2077 naturam
363 2035 507 2090 ignem
547 2035 689 2076 videre
729 2035 888 2089 potuit,
932 2038 975 2075 et
1011 2048 1086 2088 per
1124 2033 1354 2087 pristinum
1401 2046 1580 2084 morem,
1626 2044 1707 2084 quo
1746 2044 1822 2083 per

125 2107 237 2148 diem
270 2106 475 2148 cadavera
513 2121 599 2147 non
635 2105 982 2146 incendebantur.
1051 2103 1202 2145 deinde
1240 2106 1335 2144 tota
1372 2102 1581 2156 navigans
1619 2103 1742 2142 nocte
1781 2103 1822 2140 et

127 2178 303 2220 alterius
337 2177 419 2218 diei
450 2180 571 2231 parte
604 2176 656 2217 ad
692 2175 882 2218 Siciliam
914 2175 1042 2217 venit.
1163 2186 1343 2215 MEDIVM
1384 2176 1457 2214 aut
1496 2170 1724 2214 ‘medium'
1759 2174 1823 2211 est

127 2248 327 2303 quicquid
359 2263 384 2289 a
408 2248 620 2302 principio
647 2247 806 2288 recedit
833 2249 875 2287 et
899 2246 1080 2288 necdum
1106 2246 1234 2286 finem
1262 2245 1459 2286 sortitur:
1492 2246 1566 2285 aut
1598 2240 1821 2283 ‘medium'

127 2320 188 2361 sic
220 2320 374 2373 altum,
415 2321 462 2359 ut
504 2318 690 2359 medium
734 2320 929 2372 putares,
973 2319 1021 2358 ut
1065 2316 1155 2370 <III
1197 2316 1309 2370 664>
1356 2314 1692 2371 graditurque
1736 2327 1822 2367 per

130 2405 318 2445 aequor
349 2390 447 2430 iam
479 2389 723 2430 medium:
755 2403 857 2429 nam
890 2403 986 2429 vere
1025 2386 1254 2428 emedium'
1295 2386 1488 2441 sequenti
1527 2385 1701 2426 indicat.
1727 2383 1820 2423 loco

129 2461 211 2515 <8>
245 2461 315 2502 “ut
345 2461 525 2515 pelagus
559 2463 732 2502 tenuere
764 2463 878 2501 rates
910 2474 987 2501 nec
1019 2460 1104 2501 iam
1138 2459 1322 2513 amplius
1350 2458 1438 2499 ulla
1464 2456 1648 2498 occurrit
1673 2454 1821 2496 tellus:

129 2533 266 2573 maria
290 2533 467 2584 undique
492 2546 521 2572 e.
541 2545 580 2572 u.
600 2531 646 2573 α’
672 2545 770 2573 sane
794 2532 960 2584 speciem
979 2545 1057 2584 pro
1079 2544 1220 2583 {seuere
1243 2530 1404 2582 pos-uit:
1436 2542 1534 2569 mam
1559 2540 1671 2568 marc
1696 2525 1822 2577 scyni-

128 2603 225 2656 ᾔοαΐ
255 2602 434 2644 (νιανὶαἲ
540 2618 715 2645 mmmm
742 2603 903 2643 nemaeo
934 2616 1032 2643 usus
1062 2605 1119 2643 est
1148 2601 1281 2654 verbo,
1312 2603 1358 2641 ut
1389 2598 1476 2652 <IV
1509 2598 1594 2651 46>
1628 2597 1658 2637 I
1663 2597 1820 2638 liaeus
1847 2608 1854 2621 ⁵

130 2676 265 2715 vento
297 2674 510 2715 tenuisse
541 2674 743 2714 carinas
773 2677 810 2714 et
840 2672 931 2725 <111
959 2673 1071 2725 686>
1104 2673 1156 2713 ηί
1188 2674 1386 2713 teneant
1416 2682 1598 2711 morsus.

249 2745 287 2785 2.
338 2755 511 2786 CERTVS
552 2746 625 2785 aut
661 2743 1004 2784 indubitabiliter
1041 2757 1241 2798 pergens,
1278 2742 1322 2783 z'd
1357 2744 1415 2782 cst
1450 2740 1610 2781 ‘e'tc'nerc's
1647 2739 1712 2780 sui
1743 2752 1821 2779 cer—

230 2855 245 2884 1
274 2848 354 2894 aut]
383 2849 420 2883 et
446 2848 541 2893 0112
568 2848 690 2892 iungit
717 2848 762 2881 M
781 2849 791 2891 ΙΙ
818 2851 838 2881 4
866 2847 1007 2882 currule
1034 2847 1068 2880 L
1087 2849 1098 2891 Η
1119 2846 1322 2891 exercetur]
1350 2847 1475 2879 tamen
1501 2844 1583 2878 (ald.
1612 2843 1650 2876 κ’
1666 2844 1678 2886 ΙΙ
1704 2847 1721 2876 7
1751 2842 1821 2886 pri-

132 2909 232 2931 mum
258 2908 322 2931 om.
345 2896 420 2931 FC
436 2897 448 2940 ΙΙ
470 2899 510 2930 10
536 2895 716 2929 interimit
741 2894 821 2928 NL
832 2895 895 2928 M:
920 2894 1109 2929 interemit
1136 2894 1210 2928 FO
1245 2892 1406 2927 interimi
1433 2893 1469 2926 et
1496 2891 1564 2934 llll
1584 2890 1728 2934 leniter]
1758 2901 1820 2933 pa-

134 2943 267 2978 lenites
294 2944 341 2977 M
367 2945 406 2986 (1.
433 2942 566 2978 leniter
590 2953 766 2985 superscr.
793 2943 840 2985 m)
867 2942 878 2986 Η
912 2946 951 2975 11
982 2944 1018 2976 et
1043 2953 1108 2986 per
1133 2943 1302 2975 naturam
1330 2952 1393 2974 om.
1423 2939 1452 2973 G
1474 2940 1485 2983 ll
1519 2942 1559 2972 12
1588 2940 1624 2971 et
1650 2948 1714 2972 om.
1742 2937 1821 2970 NL

135 2992 232 3035 (add.
260 2992 284 3035 Z)
303 2992 315 3035 ΙΙ
340 2990 535 3034 pristinam
563 2992 718 3023 mortem
745 2989 787 3022 N
810 2990 913 3033 (corr.
941 2990 979 3033 η)
1005 2992 1016 3033 ΙΙ
1044 2989 1132 3034 quo]
1159 2989 1256 3032 quod
1286 2988 1331 3020 M
1356 2989 1367 3031 ΙΙ
1395 2990 1436 3019 14
1464 2984 1633 3030 peruenit
1661 2985 1704 3018 M
1732 2985 1743 3028 ΙΙ
1769 2987 1823 3018 ‹fst

135 3065 142 3072 .
171 3065 178 3072 .
207 3066 212 3072 .
241 3040 305 3072 aut
329 3038 490 3072 medium
517 3048 582 3072 om.
613 3036 643 3070 O
663 3037 674 3080 ΙΙ
704 3040 741 3070 17
769 3046 854 3069 nam
880 3046 963 3070 verc
989 3037 1150 3070 medium
1177 3047 1240 3070 om.
1269 3034 1357 3073 1⁸0,
1385 3044 1469 3067 vere
1497 3032 1657 3066 medium
1683 3042 1749 3066 om.
1778 3031 1825 3064 M

135 3086 233 3128 (add.
261 3089 307 3127 m)
337 3087 348 3129 ΙΙ
380 3085 476 3130 loco]
505 3083 543 3118 id
570 3086 626 3118 cst
651 3084 732 3117 add.
763 3084 810 3116 M
841 3085 852 3127 ΙΙ
886 3088 926 3118 19
953 3083 1070 3117 maria
1097 3096 1129 3117 11.
1156 3096 1186 3117 c.
1213 3095 1246 3116 11.
1274 3095 1302 3116 c.
1330 3081 1408 3115 [aab.
1433 3081 1470 3122 (J,
1497 3091 1561 3113 om.
1584 3079 1631 3120 κ’,
1658 3080 1720 3123 qai
1742 3082 1823 3122 post

134 3132 252 3166 maria
277 3133 414 3166 eaeleibet
440 3136 478 3166 ct
503 3131 644 3175 reliqua
669 3132 680 3175 l}
711 3134 755 3164 20
782 3131 830 3164 ad
856 3130 1007 3165 tenebat
1031 3142 1130 3175 supr.
1157 3141 1243 3164 vers.
1271 3139 1353 3163 cum
1379 3127 1469 3161 dicit
1495 3127 1647 3162 tenebat
1674 3124 1822 3160 nautico

136 3179 250 3214 uerbo
276 3191 360 3213 usus
391 3179 423 3212 T
446 3181 457 3223 ΙΙ
485 3182 528 3212 21
556 3179 699 3212 niteant
726 3177 764 3211 1³

208 3244 302 3269 Servii
324 3252 428 3271 comm,
450 3244 516 3268 Vol.
537 3244 559 3268 I.
585 3244 664 3268 Fasc.
686 3244 724 3267 ΙΙ,
1500 3239 1542 3267 35

1846 1542 1864 1571 <5¹

1851 1898 1891 1927 10
