2204 3437
803 194 1088 231 PRAEFATIO.
1642 193 1791 229 LXXXI

99 307 307 361 scriptum
353 307 554 348 continet.
623 306 815 361 singulae
858 304 1043 358 paginae
1086 302 1383 344 undetricenos
1428 316 1573 342 versus
1619 302 1790 343 habent.

98 378 225 431 primi
257 392 403 418 versus
438 377 545 419 sexti
579 380 620 418 et
653 375 890 417 duodecimi
928 374 1027 415 libri
1061 372 1356 414 commentarii
1389 374 1432 412 et
1464 372 1670 413 lemmata
1702 387 1789 413 ma—

98 448 273 489 iusculis
295 448 452 489 litteris
474 450 650 489 exarata
672 448 782 487 sunt.
832 445 1013 486 leviores
1033 443 1309 484 librariorum
1330 456 1493 483 errores
1513 467 1560 471 —
1579 457 1679 483 nam
1705 457 1792 483 non

99 518 152 559 ab
186 533 270 559 uno
304 519 435 559 codex
462 518 645 571 scriptus
678 519 744 557 est
775 541 821 544 —
852 515 982 556 homo
1016 514 1077 555 eis
1111 514 1198 554 fere
1232 513 1421 568 aequalis
1456 513 1641 554 sustulit.
1689 513 1790 553 olim

98 588 207 629 liber
232 588 348 630 Petri
369 589 562 630 Danielis
595 588 694 640 fuit,
727 588 799 640 qui
832 587 877 627 in
909 585 1110 627 inferiore
1144 587 1357 626 extremae
1379 584 1563 638 paginae
1597 584 1791 638 margine

99 659 204 700 haec
237 660 408 713 scripsit
427 673 475 700 ex
507 659 596 700 libb.
617 658 730 699 Petra·
755 657 947 699 Danielis
974 656 1288 697 Aurelianensis
1317 654 1439 695 1554.
1489 654 1601 695 idem
1628 667 1792 708 graeca,

101 743 207 782 quae
240 729 408 783 quidem
439 729 605 770 librarii
637 729 889 780 omiserant,
921 728 966 768 in
998 726 1192 780 margine
1226 726 1440 778 supplevit
1473 728 1514 766 et
1546 740 1631 766 non
1663 725 1792 766 nullis

101 800 205 841 locis
238 800 526 854 discrepantes
560 800 794 853 scripturas
828 813 849 839 e
883 798 993 839 ‘cod
1026 813 1063 839 v.
1095 795 1193 838 ms.’
1227 796 1294 837 vel
1334 811 1355 837 e
1396 795 1505 837 ‘cod
1545 795 1689 849 impr.’
1724 795 1792 837 ad-

101 871 218 924 iecit,
245 873 287 911 et
318 871 494 912 nomina
526 871 782 923 scriptorum
816 885 840 910 a
867 868 1014 910 Servio
1048 868 1321 909 laudatorum
1347 867 1558 920 repetivit.
1616 865 1794 925 Daniele

104 943 271 983 mortuo
305 942 434 983 codex
465 942 509 982 in
540 940 742 994 Dionysii
775 940 938 981 Petavii
970 942 1063 981 tum
1103 939 1148 980 in
1181 937 1423 979 Christinae
1459 936 1692 978 Succorum
1730 951 1793 977 re-

103 1012 229 1065 ginae
261 1011 570 1053 bibliothecam
602 1011 838 1052 translatus
872 1013 947 1052 est.
987 1009 1152 1052 contuli
1185 1022 1281 1049 eum
1314 1007 1474 1049 Romae
1509 1023 1543 1048 a.
1582 1007 1704 1049 1857.

220 1081 596 1123 Laurentianus
636 1081 922 1123 bibliothecae
956 1079 1134 1121 Sanctae
1169 1078 1316 1120 Crucis
1348 1079 1454 1133 plut.
1486 1077 1609 1118 XXII
1642 1078 1729 1119 cod.
1759 1078 1794 1118 1.

103 1152 362 1193 membranis
399 1153 477 1194 181
513 1152 676 1193 formae
709 1153 920 1193 maximae
953 1151 1025 1193 sed
1058 1151 1112 1192 ad
1144 1149 1393 1204 quadratam
1428 1149 1665 1190 accedentis
1699 1163 1795 1189 con—

104 1223 192 1263 stat
224 1226 267 1264 et
299 1222 629 1264 commentarios
658 1222 711 1264 ad
732 1237 879 1263 omnes
900 1221 1085 1276 Vergilii
1116 1221 1252 1262 libros
1286 1218 1428 1261 habet.
1485 1220 1528 1260 in
1560 1219 1686 1260 initio
1713 1219 1794 1259 duo

98 1293 203 1335 folia
235 1294 403 1335 saeculo
436 1293 600 1334 decimo
633 1294 760 1334 tertio
794 1293 991 1347 suppleta
1019 1295 1135 1346 sunt,
1167 1291 1277 1332 unde
1311 1290 1587 1345 repetendum
1626 1290 1793 1331 videtur

98 1364 209 1418 quod
241 1364 454 1405 Honorati
487 1377 724 1418 cognomen
747 1363 895 1405 Servio
929 1364 973 1404 in
1006 1363 1133 1404 titulo
1166 1363 1265 1403 libri
1297 1362 1445 1402 datum
1479 1364 1555 1402 est.
1598 1361 1643 1401 in
1663 1359 1793 1401 Fran-

100 1435 164 1476 cia
208 1435 395 1476 codicem
441 1435 647 1489 scriptum
692 1449 784 1476 esse
825 1435 892 1476 his
939 1434 1179 1476 ostenditur
1222 1448 1328 1487 quae
1373 1433 1417 1473 in
1456 1435 1647 1474 extremo
1689 1431 1793 1473 folio

101 1506 302 1560 leguntur
333 1506 570 1548 Alexander
601 1507 807 1559 episcopas
843 1520 986 1547 sernas
1023 1519 1233 1547 seruorum
1271 1505 1334 1545 del
1370 1504 1509 1545 dilecto
1544 1503 1671 1555 fratri
1703 1536 1711 1543 .

99 1578 163 1618 dez·
189 1578 327 1630 qratia
351 1578 577 1630 parisiensi
608 1579 786 1631 episcopo
811 1578 982 1619 salntem
1005 1580 1042 1617 et
1066 1576 1326 1629 apostolicam
1350 1575 1666 1616 benedictionem.
1700 1589 1796 1615 con-

99 1648 179 1688 tuli
201 1662 294 1689 cum
327 1648 407 1689 hoc
440 1648 583 1689 codice
617 1648 975 1690 commentarium
995 1647 1041 1688 in
1069 1650 1269 1701 quartum
1302 1648 1344 1686 et
1370 1646 1566 1700 quintum
1594 1644 1794 1686 Aeneidis

100 1718 258 1759 librum
290 1718 535 1760 Florentiae
568 1734 679 1761 anno
717 1719 840 1761 1857.

220 1788 584 1844 Sangallenses
624 1790 705 1831 861
749 1792 791 1830 et
824 1790 908 1831 862
949 1792 991 1830 et
1023 1789 1371 1830 membranarum
1404 1786 1560 1839 forma,
1593 1801 1699 1840 quae
1732 1788 1797 1827 est

102 1859 309 1914 quadrata
340 1860 519 1901 minoris
552 1874 796 1914 mensurae,
829 1863 870 1901 et
903 1861 1138 1914 scripturae
1171 1858 1414 1912 diligentia,
1448 1860 1489 1898 et
1520 1871 1719 1898 versuum
1752 1858 1796 1898 in

103 1930 284 1984 singulis
318 1930 488 1984 paginis
522 1933 796 1972 exaratorum
828 1945 1006 1972 numero
1038 1934 1128 1972 tam
1168 1930 1330 1971 similes
1370 1931 1469 1970 sunt
1500 1929 1612 1969 inter
1651 1943 1712 1982 se,
1750 1931 1798 1969 ut

103 2001 291 2042 dubitari
316 2015 402 2042 non
433 2001 573 2055 possit
605 2001 706 2055 quin
737 2017 815 2056 pro
848 2016 932 2043 uno
966 2001 1078 2042 libro
1099 2000 1287 2042 habendi
1314 2000 1410 2041 sint.
1462 2000 1706 2041 continetur
1731 1999 1797 2039 his

104 2071 337 2125 codicibus,
376 2086 556 2125 quorum
594 2073 712 2126 prior
748 2073 847 2127 158,
887 2073 995 2113 alter
1031 2073 1114 2114 184
1153 2072 1268 2113 foliis
1310 2072 1497 2124 constat,
1539 2072 1799 2111 commenta-

103 2142 191 2183 rius
225 2143 269 2183 in
301 2141 511 2184 Aeneidos
544 2143 680 2184 libros
712 2142 938 2198 VI-—XII,
971 2144 1038 2184 cui
1070 2142 1326 2196 inscriptum
1354 2144 1420 2183 est
1451 2152 1626 2182 INCIPIT
1660 2152 1798 2182 EXPO-

104 2224 226 2254 smuo
261 2224 409 2254 snavu
441 2225 503 2254 DE
538 2225 686 2256 snxro
720 2226 859 2256 LlssRo
893 2225 1136 2255 AENEIDos.
1180 2214 1385 2254 lemmata
1412 2213 1659 2254 maiusculis
1686 2213 1800 2253 litte-

104 2283 162 2324 ris
196 2284 355 2338 scripta
388 2288 498 2326 sunt.
557 2284 693 2326 Servii
735 2285 1091 2327 commentarium
1125 2285 1315 2338 sequitur
1356 2284 1446 2325 vita
1476 2282 1660 2337 Vergilii
1693 2297 1800 2337 quae

106 2353 276 2395 Donato
309 2355 531 2406 tribuitur,
564 2370 691 2409 quam
724 2371 773 2397 ex
804 2356 886 2397 hoc
918 2357 1100 2397 maxime
1134 2355 1276 2396 codice
1304 2354 1570 2395 emendatam
1593 2353 1799 2408 Hagenus

107 2439 202 2465 cum
237 2424 409 2467 scholiis
448 2425 739 2467 Bernensibus
774 2427 917 2468 edidit.
974 2427 1086 2468 idem
1125 2429 1265 2468 totum
1308 2425 1494 2467 codicem
1534 2440 1645 2466 anno
1689 2424 1800 2465 1865

108 2495 292 2536 contulit
323 2500 366 2537 et
397 2511 503 2550 quae
537 2497 823 2551 exscripserat
854 2497 962 2538 mihi
994 2497 1246 2539 transmisit.

225 2566 500 2608 Vndecimo
535 2567 705 2609 saeculo
739 2582 788 2609 ex
822 2567 882 2609 eis
916 2568 1070 2622 quibus
1104 2582 1185 2622 ego
1218 2582 1320 2608 usus
1355 2582 1447 2608 sum
1489 2566 1610 2608 libris
1653 2565 1801 2619 scripti

109 2639 208 2678 sunt
238 2636 650 2692 Hamburgensis
684 2641 726 2679 et
751 2638 1081 2680 Monacensis
1113 2638 1149 2679 is
1171 2639 1243 2693 qui
1270 2638 1372 2679 olim
1393 2637 1682 2692 Frisingensis
1710 2636 1801 2676 fuit.

109 2707 182 2749 ille
215 2708 369 2763 igitur,
400 2708 690 2750 bibliothecae
727 2709 899 2750 urbicae
933 2708 1275 2764 Hamburgensis
1309 2709 1382 2762 52,
1420 2708 1525 2749 folia
1556 2707 1642 2748 250
1675 2707 1803 2747 habet

111 2779 199 2819 eius
232 2778 395 2820 formae
434 2780 551 2821 cuius
584 2779 920 2821 Laurentianum
953 2794 1045 2821 esse
1079 2780 1176 2821 dixi.
1235 2780 1428 2834 singulae
1466 2779 1650 2832 paginae
1683 2778 1803 2819 trifa-

111 2849 221 2890 riam
264 2849 423 2890 divisae
467 2854 566 2892 sunt
607 2851 669 2891 ita
710 2853 758 2891 ut
798 2850 938 2892 media
980 2865 1080 2905 pars
1122 2851 1253 2906 paulo
1296 2850 1425 2891 latior
1457 2849 1641 2902 Vergilii
1674 2849 1804 2889 verba

111 2919 287 2974 habeat,
319 2920 364 2960 in
395 2921 665 2976 marginibus
705 2920 869 2962 scholia
908 2921 1068 2975 scripta
1100 2921 1199 2962 sint.
1254 2921 1324 2961 fol.
1362 2921 1404 2960 1a
1442 2919 1546 2960 haec
1585 2919 1804 2959 continen-

111 2992 200 3031 tur:
239 2989 414 3032 Carmen
445 2992 574 3033 ouidii
609 2992 779 3033 nasonis
812 2992 1040 3033 tetrasticon
1073 2991 1228 3044 equalis
1259 2990 1447 3031 bucolicis
1480 3023 1486 3030 .
1521 3023 1528 3030 .
1563 3023 1570 3030 .
1604 2990 1682 3042 lesse
1719 3003 1804 3029 ear-

113 3062 229 3102 mina
259 3061 433 3104 nostra'.
490 3062 645 3116 Incipit
680 3076 846 3104 carmen
876 3063 1084 3104 octauiani
1120 3063 1298 3104 caesaris
1336 3062 1382 3101 (le
1419 3060 1584 3113 niryilio
1623 3058 1806 3112 eEryonc

113 3132 309 3184 supremis
441 3133 640 3186 releyatm·
672 3132 861 3174 ametur’.
917 3133 989 3174 fol.
1014 3131 1057 3173 1b
1079 3135 1184 3173 extr.
1217 3131 1408 3185 sequitur
1434 3131 1597 3184 primae
1632 3130 1805 3184 eclogae

1062 3215 1066 3217 .
1481 3198 1525 3232 siit
