2204 3437
528 234 676 271 COMM.
704 236 755 270 IN
783 235 922 271 VERG.
950 234 1058 270 AEN.
1085 236 1127 270 V.
1155 240 1350 272 284-308.
1697 237 1781 278 619

97 357 211 396 ceps:
246 342 344 384 hinc
377 346 441 384 est
474 346 515 384 et
548 343 693 384 ‘viridi
732 343 946 398 iuventa'7
987 346 1028 384 et
1067 342 1155 396 <VI
1195 344 1307 397 304>
1347 345 1495 386 cruda
1534 345 1623 387 deo
1662 346 1782 386 viri-

96 412 274 467 disque
319 416 565 455 senectus.
640 414 742 454 item
785 413 1014 455 Sallustius
1057 413 1140 454 sed
1183 413 1514 456 Mithridates
1557 418 1784 457 extrema

95 484 319 536 pueritia
351 497 559 538 regnum
591 485 856 538 ingressus
890 488 1048 525 matre
1081 499 1169 525 sua
1201 499 1391 526 veneno
1425 486 1716 527 interfecta.

211 553 308 595 296.
358 572 488 596 Auem:
512 573 572 596 Plo
598 557 730 607 Pi'ERJ]
765 560 888 610 casto,
925 570 1006 596 non
1037 555 1198 606 infmni.
1349 568 1506 597 AMORE
1538 569 1612 598 ΡΙΟ
1645 569 1781 598 PVERI

94 626 168 664 aut
201 625 424 678 genetivus
458 629 534 679 est,
567 630 609 667 et
641 626 744 667 dicit
776 641 871 668 eum
912 628 965 668 ob
1004 626 1083 667 hoc
1124 625 1309 679 venisse,
1346 641 1398 667 ne
1438 628 1620 669 amicum
1658 629 1782 674 relin-

94 698 261 748 queret:
294 698 368 737 aut
401 696 747 751 distinguendum
779 712 854 751 per
887 712 947 751 se,
980 700 1023 738 et
1061 700 1127 737 est
1165 697 1453 739 nominativus
1492 699 1691 753 pluralis,
1734 702 1782 741 ut

94 763 255 818 ‘pueri’
288 781 371 807 non
404 766 636 808 referamus
671 768 724 809 ad
757 770 952 821 aetatem,
986 768 1058 809 sed
1092 768 1144 808 ad
1176 768 1356 822 agonale
1390 769 1590 823 studium,
1621 771 1665 811 in
1699 785 1781 825 quo

93 838 192 875 sunt
222 850 450 889 puerorum
482 840 525 877 et
556 837 744 878 virorum
772 841 971 892 separata
997 839 1245 879 certamina:
1278 853 1376 879 nam
1409 836 1569 893 ἄνδρες
1592 839 1663 881 καὶ
1690 847 1782 881 παῖ-

92 905 165 955 δες
197 906 404 961 dicuntur,
437 908 537 948 licet
568 922 652 949 non
687 909 772 949 sint
804 909 927 949 unius
961 908 1115 949 aetatis
1147 908 1299 957 παῖδες
1330 905 1499 962 ἄνδρες.

211 976 307 1018 297.
356 994 498 1019 REGIVS
527 977 557 1031 †
576 979 699 1020 nonii.

208 1047 305 1089 298.
355 1060 570 1090 ACARNAN
602 1049 802 1103 Epirota:
835 1050 1079 1092 Acarnania
1111 1051 1223 1091 enim
1256 1053 1321 1092 est
1352 1066 1451 1105 pars
1484 1051 1615 1106 Epiri.

207 1118 303 1159 299.
354 1130 594 1161 TEGEAEAE
637 1120 672 1160 si
715 1120 993 1162 derivativum
1038 1121 1169 1162 fuerit
1213 1120 1308 1162 ‘de'
1358 1136 1442 1163 non
1487 1124 1693 1177 sequitur3
1746 1125 1781 1165 si

91 1187 302 1243 ‘Tegeae'
336 1190 584 1245 legerimus,
619 1205 703 1232 non
740 1193 827 1232 stat
852 1205 997 1232 versus
1006 1225 1016 1245 ⁷
1043 1191 1125 1232 nisi
1152 1191 1297 1233 addita
1324 1191 1417 1233 ‘de’
1445 1193 1623 1247 syllaba.
1673 1194 1782 1236 deri-

89 1260 278 1301 vativum
316 1263 456 1302 autem
499 1262 572 1302 ille
611 1262 773 1302 indicat
810 1262 929 1303 locus
963 1261 1096 1315 <VIII
1127 1263 1241 1315 459>
1275 1265 1394 1304 tunc
1434 1264 1591 1305 lateri
1631 1268 1781 1319 atque

89 1331 274 1371 umeris
317 1331 600 1385 Tegeaeum
647 1333 878 1388 subligat
919 1348 1097 1374 ensem.
1171 1336 1213 1374 et
1249 1334 1436 1389 Tegeum
1475 1335 1676 1390 oppidum
1716 1340 1780 1377 est

89 1401 308 1455 Arcadiae,
339 1417 365 1442 α
403 1403 524 1456 Teyeo
556 1403 734 1445 Arcadis
765 1405 863 1456 filio.

206 1473 300 1514 300.
352 1491 428 1515 HEL
438 1491 538 1515 mys
569 1488 650 1516 eece
680 1475 750 1516 ubi
785 1476 984 1516 subtiliter
1021 1475 1243 1528 Helymum
1283 1490 1372 1517 cum
1411 1476 1550 1518 Aeeste
1586 1479 1642 1519 ad
1677 1478 1779 1519 Siei-

89 1542 189 1583 liam
219 1544 316 1584 dicii
346 1545 498 1586 venisse
528 1559 618 1586 eum
649 1547 711 1586 ait
741 1545 921 1588 ‘comites
952 1547 1124 1588 senioris
1156 1546 1355 1588 Acestae'.

206 1614 302 1656 301.
353 1632 521 1657 ADSVETI
542 1632 669 1657 SILVIS
699 1617 744 1658 id
772 1620 829 1658 esi
858 1620 1073 1658 venatores.

206 1685 302 1727 302.
353 1697 469 1735 Qvos
490 1698 616 1727 FAMA
642 1699 848 1729 osssovnA
874 1699 1106 1729 RECONDIT
1132 1688 1202 1729 hoc
1226 1689 1390 1730 dicendo
1417 1704 1492 1743 per
1518 1691 1777 1732 eontrarium

86 1755 185 1796 illos
218 1770 366 1797 omnes
399 1771 490 1798 esse
522 1758 686 1799 nobiles
718 1759 934 1801 indicavit.

205 1827 301 1868 306.
353 1839 517 1870 CNOSIA
561 1828 801 1877 Cretensia:
846 1829 1007 1872 Cnosos
1053 1830 1165 1872 enim
1211 1833 1275 1871 est
1318 1831 1469 1872 civitas
1517 1830 1675 1873 Cretae.
1738 1836 1780 1874 et

87 1897 206 1951 bene,
238 1898 347 1940 sicut
379 1899 507 1940 etiam
535 1899 576 1940 in
606 1901 798 1956 navibus,
825 1904 866 1942 et
893 1902 1109 1956 generalia
1135 1901 1207 1943 dat
1233 1904 1274 1943 et
1301 1902 1512 1955 specialia.
1593 1915 1777 1962 LEVATO

87 1968 235 2022 nitido,
267 1972 314 2010 ut
347 1969 459 2023 <VH
494 1970 604 2024 789>
638 1973 688 2012 at
719 1971 878 2013 levem
910 1972 1125 2026 clipeum
1160 1973 1380 2014 sublatis
1413 1974 1651 2015 cornibus
1683 1972 1748 2015 Io.

205 2040 301 2082 308.
351 2053 478 2082 PRIMI
511 2042 693 2083 aliorum
725 2043 1046 2096 conparatione:
1078 2058 1177 2084 nam
1211 2059 1316 2084 unus
1350 2047 1415 2084 est
1445 2044 1619 2097 primus.

182 2184 201 2214 2
230 2180 441 2226 Sallustius]
469 2181 554 2216 hist.
582 2181 712 2226 fragm.
740 2182 771 2215 Π
798 2186 842 2216 54
863 2182 937 2226 Κικ,
964 2184 996 2217 ΙΙ
1023 2187 1066 2217 45
1088 2183 1129 2218 D.

182 2314 198 2343 1
226 2310 350 2356 viridi]
377 2310 544 2355 nidisque
567 2311 605 2345 F
620 2313 631 2356 Η
651 2312 702 2357 et]
731 2313 793 2346 secl
815 2312 854 2346 F
869 2314 881 2357 ΙΙ
901 2317 920 2347 2
947 2313 1076 2348 saltius
1104 2313 1143 2348 F
1159 2314 1170 2357 ΙΙ
1190 2313 1396 2347 mitridates
1419 2312 1531 2347 FCL
1544 2314 1591 2347 M
1623 2314 1775 2357 mytrhi-

88 2355 193 2391 dates
218 2357 262 2390 H
276 2359 288 2401 ΙΙ
307 2359 458 2392 extrena
484 2358 527 2392 H
541 2361 553 2402 ΙΙ
579 2364 600 2393 4
626 2360 674 2394 ad
700 2359 760 2404 pio
786 2371 884 2404 supr.
911 2371 998 2395 vers.
1025 2363 1126 2395 casto
1157 2361 1189 2394 Τ
1203 2361 1214 2404 ΙΙ
1240 2360 1389 2394 infamis
1416 2361 1463 2402 ff,
1489 2371 1578 2396 corr.
1606 2361 1740 2395 Daniel
1765 2362 1775 2394 11

88 2407 108 2437 5
134 2403 319 2447 linqueret
345 2404 375 2438 C
396 2407 408 2449 ΙΙ
439 2408 459 2439 8
485 2417 633 2440 amium
662 2418 708 2441 xa.
733 2407 770 2441 in
797 2418 840 2441 ea
866 2418 906 2441 ec
934 2407 974 2441 F
1007 2420 1155 2442 ANAPam
1182 2421 1241 2441 KAl
1270 2419 1375 2442 ric-:Aee
1404 2409 1433 2441 (J
1468 2408 1598 2442 andres
1624 2419 1711 2452 cepe
1738 2407 1780 2441 N

88 2450 219 2485 anch-es
245 2452 422 2496 caepedes
447 2453 481 2486 L
508 2453 592 2496 (uiri
617 2455 654 2488 et
679 2455 784 2499 pueri
808 2465 982 2498 superscr.
1005 2456 1030 2499 Z)
1064 2455 1195 2490 andi-es
1221 2455 1375 2499 cepedes
1396 2455 1439 2488 H
1466 2455 1602 2489 andans
1629 2466 1688 2489 uzu
1714 2466 1775 2499 pe-

89 2521 152 2555 des
180 2522 227 2555 M
244 2523 256 2567 l}
276 2526 295 2556 9
321 2522 511 2557 discuntur
539 2523 614 2557 FC
636 2525 666 2567 (s
693 2525 757 2559 del.
785 2526 814 2568 c)
834 2526 846 2569 ΙΙ
865 2536 937 2559 non
965 2553 971 2560 .
996 2554 1002 2560 .
1025 2554 1031 2559 .
1059 2507 1209 2572 aetatis]
1238 2506 1402 2560 confusio
1431 2525 1478 2559 sit
1503 2527 1666 2560 aetatum
1695 2526 1742 2559 M
1765 2528 1775 2570 i]

944 2593 961 2610 ὸ

88 2627 240 2651 uamaec
259 2627 406 2650 ‘mapale
422 2616 461 2650 F
484 2629 634 2652 ΠΑΙΔΑεο
653 2616 802 2653 A‘NAPAic
820 2618 849 2652 G
877 2631 1011 2654 nanim
1031 2631 1138 2654 affec
1152 2620 1193 2653 N
1225 2631 1328 2654 name
1349 2620 1460 2664 adpev
1480 2619 1507 2652 L
1535 2633 1640 2653 imme
1661 2619 1775 2663 adpec

89 2663 138 2698 H.
165 2664 297 2704 παῖδες
322 2660 457 2707 ἄνδρες
483 2675 546 2698 om.
572 2665 619 2699 M
641 2669 673 2699 et
695 2667 839 2710 eaeempi.
861 2668 965 2710 impr.
992 2668 1003 2712 ΙΙ
1031 2671 1073 2701 10
1099 2667 1216 2713 nouli]
1243 2668 1456 2711 συνωνυμιά
1483 2666 1525 2700 F.
1550 2666 1746 2700 Schoellius
1766 2668 1773 2710 ’Ἴ

90 2715 129 2744 11
159 2712 345 2745 acarmina
367 2710 396 2746 G
419 2712 456 2755 (n
476 2713 540 2747 del.
556 2714 586 2756 9)
612 2713 761 2747 acarnia
783 2714 830 2747 M
836 2714 848 2748 Ζ
866 2716 877 2758 ΙΙ
898 2718 940 2748 12
965 2727 1123 2749 wemma
1146 2715 1194 2748 Μ
1200 2728 1208 2748 .·
1235 2727 1370 2748 ‘resima
1396 2715 1525 2758 reliqui
1543 2715 1555 2758 Η
1574 2713 1774 2748 diriuatum

90 2757 166 2792 FC
199 2758 456 2793 deriuaticium
483 2759 525 2793 H
540 2760 552 2804 ΙΙ
570 2759 695 2805 fuerit]
724 2760 917 2806 Tegeaeae
944 2763 1093 2797 additur
1113 2763 1218 2806 vulqo
1236 2763 1249 2806 ΙΙ
1271 2766 1311 2796 13
1338 2762 1542 2806 legeremus
1564 2760 1593 2795 G
1610 2762 1621 2805 ΙΙ
1640 2760 1773 2794 diriua—

901 2829 915 2846 Θ

88 2851 206 2886 tiuam
232 2852 272 2886 F
307 2852 544 2887 diriuatiuum
573 2852 697 2888 ONH
724 2856 736 2899 ΙΙ
775 2858 816 2889 15
842 2856 1015 2900 tegaeum
1043 2856 1073 2891 C
1107 2857 1276 2900 tegeeum
1306 2856 1353 2888 Μ
1360 2869 1369 2888 .·
1395 2856 1542 2899 tegeum
1573 2854 1741 2888 FNLH
1765 2855 1775 2888 l*

88 2899 260 2943 tegaeum
290 2899 333 2943 G,
360 2902 484 2934 autem
510 2902 592 2935 add.
617 2901 656 2935 F
671 2904 682 2946 ΙΙ
705 2906 746 2936 16
772 2902 967 2938 archadiae
994 2903 1068 2938 FC
1084 2905 1095 2948 ΙΙ
1114 2903 1214 2947 tegio
1244 2903 1279 2935 Iv'
1296 2904 1307 2946 ΙΙ
1326 2901 1494 2936 archadis
1524 2901 1561 2935 F
1596 2902 1774 2936 Arcadiae

89 2945 226 2981 Daniel
250 2949 262 2992 ΙΙ
292 2951 333 2982 17
361 2948 409 2982 ad
434 2947 611 2992 Helymus
637 2959 736 2992 supr.
763 2960 848 2983 'Cer-3.
876 2960 959 2984 9999
984 2950 1046 2985 ubi
1073 2949 1260 2995 suptiliter
1286 2949 1444 2992 elymum
1471 2960 1552 2982 cum
1581 2951 1701 2983 acesto
1729 2950 1775 2983 ad

90 2992 245 3028 siciliam
269 2994 360 3029 dicit
383 2995 527 3029 uenisse
558 2995 588 3029 T
605 2995 617 3039 ΙΙ
636 2995 786 3029 elimum
815 2996 853 3029 F
868 2997 880 3041 ΙΙ
901 3000 942 3031 18
969 2997 1114 3032 comitis
1141 2998 1301 3030 seniores
1328 2998 1448 3029 cestae
1476 2995 1541 3040 Fu
1572 3000 1612 3029 19
1639 2998 1687 3030 ad
1712 2996 1775 3030 ad-

91 3040 186 3074 sueti
211 3040 313 3076 silvis
338 3052 436 3086 supr.
458 3053 543 3077 vers.
572 3041 608 3075 id
636 3044 692 3077 est
716 3043 904 3078 uenationi
930 3055 973 3079 ac
998 3055 1062 3089 per
1088 3045 1156 3078 hoc
1183 3043 1302 3077 durati
1329 3042 1374 3090 ad
1402 3043 1563 3077 laborem
1590 3042 1647 3087 ΤΗ
1665 3054 1774 3077 uena-

88 3087 181 3121 toris
201 3087 249 3130 F,
274 3099 362 3123 corr.
379 3089 515 3123 Daniel
533 3090 545 3133 ΙΙ
565 3093 607 3122 22
629 3103 750 3124 cxosm
772 3090 816 3125 Ο.-
842 3103 968 3126 exosm
987 3093 1118 3135 reliqui
1136 3093 1147 3135 ΙΙ
1167 3090 1321 3124 cretesia
1343 3088 1417 3123 FC
1446 3089 1600 3124 cretensi
1621 3090 1698 3123 NJ.
1707 3090 1749 3124 H
1764 3090 1773 3136 11

90 3145 220 3169 cnosos
246 3134 286 3169 F
312 3146 419 3170 nosos
447 3136 477 3170 O
505 3147 636 3181 gnosos
662 3136 804 3171 NHM
829 3149 983 3182 gnossos
1008 3138 1041 3172 L
1060 3140 1071 3182 ΙΙ
1091 3142 1146 3173 est
1171 3149 1235 3171 om».
1252 3136 1290 3170 F
1306 3137 1318 3180 ΙΙ
1338 3141 1381 3170 24
1408 3136 1460 3182 at]
1489 3137 1534 3170 ad
1561 3138 1646 3171 libri
1667 3149 1774 3181 prae-

41 3208 49 3223 ,
90 3184 142 3215 ter
167 3181 200 3215 L
220 3183 232 3227 ΙΙ
251 3182 419 3227 clypeum
448 3182 478 3218 C
503 3183 695 3228 ‘clippeum
724 3184 815 3218 NH
828 3186 840 3229 ΙΙ
858 3185 919 3221 ino
947 3186 1012 3230 Fu
1038 3190 1080 3219 25
1108 3186 1164 3219 est
1189 3196 1252 3219 om.
1282 3183 1356 3217 FC

162 3246 257 3272 Servii
277 3255 380 3274 comm.
402 3249 467 3274 Vol.
487 3249 509 3273 1.
531 3250 615 3274 Fasc.
636 3250 675 3274 Π.
1449 3246 1492 3276 40

1810 990 1851 1020 10

1809 1344 1849 1374 15

1805 1699 1848 1730 20

1803 2054 1846 2084 25
