2132 3354
812 129 1096 165 PRAEFATIO.
1643 134 1795 167 XXXIII

225 235 405 291 Singula
438 240 485 278 ut
517 253 766 293 persequar,
798 238 847 280 de
880 239 1172 293 grammaticis
1200 240 1326 280 rebus
1360 255 1494 293 pauca
1520 241 1796 294 proferuntur

106 321 239 361 eaque
271 310 362 348 tam
395 308 496 349 vilia
528 309 702 363 partim,
734 311 782 349 ut
814 309 885 362 qui
917 309 1024 350 talia
1055 309 1280 351 tradiderit
1319 325 1413 350 eum
1454 311 1519 352 vel
1554 313 1695 365 pueris
1729 314 1795 353 vel

107 378 166 418 eis
211 378 283 431 qui
328 378 508 419 latinam
553 379 745 433 linguam
790 381 838 419 ut
881 379 1065 420 alienam
1110 380 1320 421 discerent
1363 381 1565 434 prodesse
1612 382 1796 423 voluisse

106 451 304 502 putemus
339 446 410 504 (cf.
443 464 482 502 p.
514 450 558 503 4,
591 450 635 503 33
672 449 741 501 19,
767 449 841 502 273
880 450 949 502 18,
977 450 1051 502 203
1086 451 1159 503 62,
1186 451 1259 504 22,
1293 452 1397 505 460,
1432 452 1485 493 10
1512 450 1598 507 al).
1649 456 1797 494 contra

106 533 155 560 ea
200 519 377 574 scholia,
422 520 575 574 quibus
620 520 926 561 vocabulorum
971 521 1034 561 vis
1081 523 1123 562 et
1162 536 1262 562 usus
1306 522 1579 577 inlustratur,
1622 538 1717 564 cum
1758 527 1799 564 et

107 590 244 631 doctis
277 591 648 632 observationibus
677 594 718 632 et
744 592 927 646 egregiis
956 592 1160 646 exemplis
1187 593 1420 647 abundent,
1455 592 1680 635 Servianas
1709 595 1798 635 eius

108 661 275 715 generis
315 661 611 703 adnotationes
651 661 862 716 dignitate
900 663 1028 717 longe
1068 666 1272 717 superant
1310 662 1378 719 (cf.
1418 664 1523 705 Aen.
1561 665 1580 705 I
1619 666 1693 719 52,
1732 665 1800 719 55,

108 732 181 785 56,
216 732 288 785 73,
323 733 393 786 76,
427 733 499 787 87,
533 734 604 787 88,
638 733 693 774 92
717 731 801 789 al).
834 748 942 787 quae
975 736 1115 775 autem
1151 749 1198 775 eo
1233 735 1413 776 consilio
1447 735 1663 790 adscripta
1690 739 1800 790 sunt,

109 805 156 843 ut
189 803 290 856 quid
323 803 530 844 voluisset
562 806 707 858 poeta,
740 819 868 858 quam
902 803 1130 859 diligenter
1157 806 1383 847 verborum
1411 805 1621 847 delectum
1655 807 1707 848 ad
1733 822 1798 848 res

110 875 151 913 et
184 874 417 915 sententias
453 875 835 930 accommodasset,
874 890 956 929 qua
994 876 1161 917 ratione
1195 877 1383 918 carmina
1422 880 1464 918 et
1498 877 1800 932 distinguenda

109 946 151 984 et
181 945 496 998 pronuntianda
528 948 670 987 essent
696 945 934 1000 doceretur,
967 946 1071 988 haec
1103 947 1250 1001 igitur,
1284 948 1364 988 etsi
1390 949 1663 989 inveniuntur
1695 964 1801 1003 quae

109 1015 232 1056 nobis
265 1017 377 1057 iusto
411 1016 682 1058 artificiosius
709 1018 953 1071 excogitata
986 1020 1027 1059 et
1059 1018 1188 1072 longe
1221 1020 1406 1072 repetita
1438 1034 1529 1060 esse
1563 1020 1799 1074 videantur,

108 1087 152 1127 in
184 1087 428 1129 universum
461 1092 605 1130 tamen
638 1089 902 1143 simpliciora
935 1092 976 1130 et
1008 1090 1146 1131 minus
1175 1090 1389 1131 adfectata
1417 1094 1517 1131 suut
1551 1106 1679 1145 quam
1708 1090 1800 1132 Ser—

108 1157 232 1198 viana
265 1158 354 1200 eius
388 1159 520 1211 modi,
558 1163 605 1200 ut
637 1159 750 1201 haud
784 1160 914 1201 sciam
954 1175 1007 1201 an
1040 1175 1091 1201 ne
1124 1161 1250 1202 hodie
1290 1161 1460 1215 quidem
1493 1161 1677 1216 Vergilii
1716 1177 1801 1203 car—

108 1229 224 1270 mina
255 1229 559 1284 interpretanti
593 1231 766 1272 omnino
800 1231 1069 1286 neglegenda
1102 1231 1242 1286 sint.¹)

225 1299 363 1342 Venio
398 1301 447 1342 ad
483 1317 531 1343 ea
556 1302 799 1356 pleniorum
827 1302 1036 1343 librorum
1058 1305 1299 1343 commenta
1325 1317 1432 1356 quae
1466 1304 1516 1344 ad
1550 1304 1800 1346 historicam

108 1386 236 1425 quam
275 1372 563 1421 Quintilianus
613 1373 720 1414 dixit
770 1374 1087 1415 enarrationem
1134 1375 1362 1428 pertinent.
1429 1378 1556 1429 atque
1606 1391 1629 1416 a
1667 1375 1801 1430 philo-

110 1443 260 1496 sophia
292 1443 593 1485 abstinuerunt
624 1445 712 1486 fere
745 1446 999 1499 interpretes
1040 1461 1221 1500 quorum
1260 1446 1425 1487 scholia
1465 1447 1677 1488 codicibus
1716 1447 1801 1488 illis

109 1517 279 1555 servata
311 1518 427 1556 sunt:
460 1530 719 1570 quamquam
752 1516 856 1557 satis
891 1518 1034 1571 ampla
1066 1517 1143 1558 illa
1176 1518 1225 1558 ad
1260 1519 1365 1559 Aen.
1398 1518 1459 1559 IV
1494 1519 1577 1559 696
1611 1519 1660 1559 de
1693 1518 1800 1560 fato-

108 1600 202 1625 rum
235 1586 463 1639 generibus
498 1587 709 1640 expositio
742 1587 824 1628 nisi
857 1587 900 1628 in
922 1586 1186 1629 Floriacensi
1221 1591 1262 1629 et
1283 1588 1522 1631 Turonensi
1555 1605 1639 1631 non
1672 1593 1801 1631 extat.

108 1656 277 1697 fabulas
305 1657 346 1697 in
368 1656 609 1698 Danielinis
636 1657 758 1699 libris
780 1672 875 1698 cum
896 1658 1063 1712 plenius
1091 1661 1183 1699 tum
1217 1659 1380 1700 doctius
1416 1663 1636 1701 enarratas
1658 1660 1802 1714 habes,

109 1741 236 1781 quam
271 1728 381 1781 apud
415 1727 626 1782 Servium,
666 1729 940 1783 reperiuntur
974 1730 1086 1770 enim
1119 1730 1232 1771 haud
1271 1745 1407 1784 pauca
1438 1746 1545 1786 quae
1579 1747 1602 1772 a
1634 1731 1802 1785 vulgari

108 1798 224 1838 fama
268 1799 478 1840 recedant,
541 1798 723 1854 querum
762 1799 948 1854 origines
994 1800 1090 1841 aliis
1130 1801 1398 1856 indagandas
1438 1803 1646 1857 relinquo.
1702 1818 1802 1844 nam

107 1871 197 1909 tam
229 1869 432 1923 impedita
466 1873 531 1911 est
562 1872 736 1924 tamque
770 1871 856 1912 late
889 1874 1009 1925 patet
1042 1886 1090 1912 ea
1130 1873 1341 1926 quaestio,
1383 1876 1431 1914 ut
1473 1873 1562 1915 sine
1596 1874 1802 1927 peculiari

108 1940 248 1981 studio
282 1955 366 1982 non
398 1941 536 1994 possit
562 1941 785 1996 profligari
818 1944 860 1982 et
887 1942 938 1982 ad
967 1943 1129 1983 exitum
1150 1943 1333 1997 perduci.
1392 1944 1553 1985 fabulis
1581 1947 1802 1999 tamquam

108 2011 383 2065 appendicem
399 2012 508 2054 addo
521 2012 784 2054 mirabilium
800 2027 943 2054 rerum
959 2013 1280 2068 descriptiones,
1296 2029 1475 2069 quarum
1491 2015 1597 2056 haec
1611 2016 1804 2069 exempla

108 2096 413 2123 commemoro:
458 2098 496 2136 p.
538 2084 612 2137 25,
656 2084 699 2137 23
741 2084 816 2136 49,
862 2084 905 2138 6,
951 2084 1023 2137 50,
1069 2085 1112 2138 8,
1158 2085 1261 2137 221,
1306 2086 1351 2139 4,
1396 2086 1502 2138 437,
1550 2087 1585 2128 7.
1649 2102 1697 2127 ex
1743 2086 1803 2126 hi-

109 2153 254 2193 storiis
288 2153 543 2195 scholiastae
582 2154 648 2194 illi
681 2154 787 2195 nihil
827 2154 915 2195 fere
950 2154 1306 2209 deprompserunt
1338 2156 1419 2197 nisi
1460 2157 1572 2217 quod
1613 2157 1663 2197 ad
1698 2157 1803 2198 anti-

108 2223 334 2277 quissimas
373 2223 601 2279 Italorum,
644 2225 939 2267 Romanorum
985 2226 1201 2281 inprimis,
1240 2242 1306 2268 res
1345 2228 1551 2282 pertinet,
1590 2229 1723 2270 veluti
1761 2229 1805 2268 in

108 2289 249 2335 octavi
281 2295 381 2336 libri
414 2297 723 2337 commentario
762 2322 807 2324 —
844 2311 945 2337 nam
974 2298 1147 2350 septimi
1175 2313 1309 2352 prope
1343 2301 1459 2340 totus
1488 2298 1714 2341 Servianus
1742 2302 1805 2340 est

109 2389 161 2393 ——
195 2379 281 2406 non
320 2366 441 2407 nulla
482 2370 582 2408 sunt
623 2382 729 2421 quae
772 2383 796 2408 a
838 2367 973 2409 doctis
1019 2368 1265 2409 auctoribus
1310 2369 1445 2422 petita
1484 2385 1575 2411 esse
1616 2374 1803 2424 apparet.

107 2435 213 2476 haec
245 2436 338 2490 ipsa
371 2437 600 2492 adtingunt
638 2438 743 2478 illud
776 2437 1036 2479 scholiorum
1070 2452 1204 2493 genus
1239 2454 1321 2494 quo
1355 2441 1560 2494 plenioris
1595 2455 1804 2481 commen-

107 2507 206 2547 tarii
238 2507 374 2549 honos
407 2511 450 2549 et
482 2508 670 2562 dignitas
710 2509 893 2549 maxime
927 2509 1187 2563 continetur,
1226 2525 1274 2551 ea
1309 2510 1402 2552 dico
1447 2511 1608 2552 scholia
1646 2512 1801 2566 quibus

109 2577 346 2618 ostenditur
379 2580 587 2633 quantum
621 2579 751 2620 studii
789 2580 832 2620 in
866 2594 915 2620 ea
954 2594 998 2620 re
1030 2579 1248 2634 Vergilius
1282 2582 1492 2634 posuerit,
1532 2585 1579 2622 ut
1619 2583 1803 2622 carmine

109 2662 184 2688 suo
218 2663 361 2690 veram
401 2651 442 2689 et
480 2649 771 2703 incorruptam
812 2650 1088 2704 antiquorum
1126 2651 1275 2704 populi
1333 2652 1497 2693 tomani
1537 2668 1704 2693 morum
1744 2653 1802 2692 in-

109 2719 442 2774 stitutorumque
475 2721 727 2761 memoriam
759 2720 1074 2774 redintegraret
1107 2725 1235 2775 atque
1269 2723 1311 2763 in
1347 2723 1407 2763 eis
1433 2723 1719 2763 describendis
1752 2738 1803 2763 ne

108 2789 236 2831 verbo
271 2790 440 2844 quidem
473 2793 666 2832 uteretur
698 2791 810 2844 quod
843 2791 896 2832 ab
930 2792 1165 2833 venerabili
1203 2793 1414 2834 maiorum
1450 2794 1673 2846 disciplina
1706 2793 1803 2833 alie-

108 2875 211 2901 num
231 2863 355 2902 esset.
387 2861 455 2903 his
484 2861 659 2903 scholiis
681 2861 731 2902 ad
754 2861 1035 2915 antiquitates
1062 2863 1356 2916 spectantibus
1384 2864 1646 2917 praestantia
1669 2863 1803 2905 sinon

207 2978 238 3020 1)
267 2976 310 3012 Cf.
338 2989 371 3021 p.
401 2981 463 3020 61,
490 2981 527 3020 ὃς
555 2990 589 3022 p.
616 2980 678 3020 64,
707 2981 749 3011 14
782 2979 819 3012 et
845 2981 905 3021 203
933 2990 969 3022 p.
999 2982 1059 3022 75,
1089 2982 1209 3023 1531).
1239 2984 1298 3022 79,
1327 2984 1387 3021 213
1414 2991 1447 3023 p.
1477 2983 1538 3022 80,
1567 2987 1663 3024 2531).
1693 2984 1755 3022 87,
1783 2985 1802 3014 9

109 3030 147 3062 et
174 3033 232 3072 113
259 3041 292 3073 p.
323 3034 405 3072 111,
434 3034 471 3073 6;
499 3043 532 3075 p.
563 3035 645 3074 117,
673 3034 734 3072 213
761 3042 795 3074 p.
827 3035 909 3076 124,
938 3035 998 3076 143
1026 3043 1059 3075 p.
1081 3035 1166 3076 222,
1196 3036 1236 3065 12
1259 3034 1295 3066 et
1318 3036 1375 3074 173
1403 3036 1549 3076 pff223,
1581 3037 1640 3076 133
1667 3045 1700 3077 p.
1723 3037 1801 3075 229,

111 3085 172 3125 16;
198 3093 233 3126 p.
260 3086 349 3125 230,
377 3086 408 3118 6.

1474 3148 1520 3178 0⁷²
