2204 3437
574 169 723 205 COMM.
748 170 800 203 IN
825 168 966 204 VERG.
994 167 1103 201 AEN.
1131 166 1192 200 III.
1221 169 1419 200 279--284,
1753 164 1835 204 391

148 295 222 334 qne
261 281 433 321 mercede
474 278 738 332 transvehere,
790 277 978 318 Venerem
1019 277 1219 316 mutatam
1256 274 1302 313 in
1338 272 1460 312 annis
1495 272 1674 323 formam
1709 272 1841 323 yratc's

158 351 398 393 transvexit:
447 352 688 402 quapropter
725 348 775 389 ab
812 361 858 388 ea
893 347 1066 387 donatus
1096 343 1291 396 unquenti
1321 342 1526 383 alabastro
1559 355 1649 382 cnm
1679 354 1720 382 se
1751 342 1777 392 †
1800 342 1841 381 in

150 423 233 464 dics
255 421 429 462 inditum
451 423 651 473 unyucret,
675 419 851 470 feminas
876 418 921 458 tn
945 417 1012 457 sni
1036 427 1214 455 amorem
1241 412 1431 462 trahebat,
1457 413 1502 452 in
1527 412 1617 464 (sais
1639 412 1722 463 fnit
1743 424 1840 460 mea,

150 505 251 545 quac
289 492 336 532 dc
375 494 506 532 monte
537 490 708 531 Leucate
749 502 838 530 cnm
871 487 1002 540 potin
1042 486 1127 526 eins
1167 484 1350 536 nequiret
1385 483 1571 524 abiecisse
1601 496 1641 523 sc
1671 482 1841 523 dicitnr:

150 563 254 604 nnde
284 575 392 603 nnnc
422 564 635 602 auctorare
665 573 704 601 se
734 557 952 611 quotannis
982 555 1109 597 solent
1145 555 1215 606 qm·
1246 554 1292 594 (Ze
1322 566 1364 594 co
1397 555 1528 593 monte
1558 552 1766 593 mamam·
1796 553 1842 592 ‘in

146 634 327 686 pelassus.
387 632 555 684 qnidam
586 630 631 671 id
659 629 750 682 fieri
773 630 941 681 propter
971 625 1171 667 Leucaten
1195 636 1372 676 puerum
1403 623 1559 673 dicunt,
1600 636 1716 675 quem
1753 635 1843 663 cnm

152 704 302 757 Apollo
352 702 465 743 vellet
513 714 671 754 rapere,
720 699 765 740 in
814 711 927 738 mare
974 710 1014 737 se
1054 695 1228 748 proiecit
1274 696 1523 745 montemque
1571 693 1844 746 cofflnomincm

152 775 230 816 siba?
258 774 364 826 fecit.

270 844 367 885 280.
418 853 555 884 ΑΟΤΙΑ
593 852 765 883 LITORA
804 842 851 881 ut
891 853 1018 893 supra
1050 837 1245 890 diximus,
1277 838 1453 890 propter
1487 834 1729 888 Augustum
1762 833 1843 874 1106

154 915 268 969 dicit,
302 914 374 968 qui
406 913 494 953 illic
526 912 649 953 ludos
683 911 836 952 statuit
868 909 1083 964 agonaleS,
1115 908 1261 949 devicto
1287 906 1469 947 Antonio
1501 908 1537 945 et
1556 902 1782 956 Cleopatra.

271 986 367 1027 281.
417 994 610 1024 PATRIAS
644 992 938 1023 PALAESTRAS
971 979 1209 1033 palaestrae
1236 992 1337 1019 usus
1364 976 1551 1030 primum
1579 975 1691 1028 apud
1713 973 1843 1015 Athe-

149 1058 319 1099 nienses
352 1056 546 1109 repertus
580 1056 655 1095 est.
706 1052 881 1093 Troiani
914 1053 1056 1092 autem
1088 1051 1258 1103 praeter
1290 1047 1539 1088 Dardanum
1573 1049 1615 1086 et
1637 1045 1845 1086 Teucrum

153 1128 284 1170 etiam
317 1126 370 1167 ab
392 1123 726 1166 Atheniensibus
760 1122 973 1176 originem
1007 1120 1183 1161 ducunt:
1216 1118 1325 1159 unde
1353 1120 1395 1159 et
1414 1117 1653 1158 Minervam
1686 1116 1845 1157 colunt.

150 1199 250 1240 hinc
284 1199 349 1239 est
381 1196 425 1237 in
452 1194 636 1237 secundo
658 1193 798 1247 <188>
818 1207 912 1234 neu
943 1191 1186 1245 populum
1219 1189 1434 1242 antiqua
1467 1188 1556 1229 sub
1590 1186 1846 1241 religione

152 1269 287 1311 tueri
339 1265 558 1320 ‘antiqua’
602 1265 751 1306 scilicet
794 1263 847 1304 ab
888 1260 1224 1303 Atheniensibus
1268 1258 1438 1300 tradita.
1514 1255 1698 1298 ‘Iliacis’
1744 1270 1845 1311 ergo

155 1337 510 1391 Atheniensibus,
549 1336 659 1376 unde
693 1334 871 1375 ilienses
912 1332 1162 1374 didicerunt.
1223 1344 1322 1371 nam
1359 1333 1396 1371 et
1434 1329 1594 1371 Vestam
1626 1329 1711 1369 ideo
1747 1327 1845 1368 Tro-

159 1412 246 1452 e'ant'
277 1410 428 1462 colunt,
466 1408 564 1460 quia
595 1406 731 1447 cadem
763 1408 871 1446 terra
908 1407 980 1458 est,
1018 1403 1240 1456 terriyenas
1271 1404 1405 1442 antem
1436 1399 1700 1441 Athenienses
1731 1411 1846 1440 nemo

154 1482 321 1523 dubitat.

270 1551 366 1592 283.
416 1560 574 1591 FVGAM
607 1557 827 1588 TENVISSE
861 1544 1044 1586 feliciter
1070 1543 1315 1597 navigasse:
1349 1556 1448 1582 nam
1470 1539 1656 1581 ‘tenere’
1680 1542 1743 1580 est
1769 1539 1846 1580 im-

152 1623 283 1677 plere,
313 1624 361 1663 ut
382 1620 525 1675 <686>
547 1619 596 1660 ni
629 1619 838 1659 teneant
871 1630 1047 1657 cursus
1079 1617 1259 1655 certum
1290 1615 1359 1654 est
1383 1613 1498 1653 aare
1524 1612 1678 1652 lintea
1702 1614 1848 1661 retro,

155 1693 197 1734 id
230 1695 294 1734 est
325 1692 546 1746 impleant.
610 1692 651 1730 et
690 1689 835 1742 potest
873 1685 1068 1740 intellegi
1101 1684 1333 1726 secundum
1365 1696 1633 1724 communem
1665 1696 1847 1734 sensum,

154 1765 207 1805 ob
240 1764 322 1804 hoc
353 1777 425 1804 eos
458 1762 685 1813 lustratos,
725 1759 767 1800 id
801 1760 866 1799 est
906 1757 1119 1811 expiatos,
1159 1755 1211 1796 ob
1245 1754 1327 1795 1106
1359 1753 1619 1794 sacrificasse
1652 1754 1695 1793 et
1726 1751 1846 1793 ludos

155 1835 405 1888 celebrasse,
437 1832 536 1888 quia
567 1830 748 1872 hostiles
780 1832 918 1870 terras
951 1841 1158 1881 prospera
1188 1823 1466 1878 navigatione
1498 1822 1770 1864 transierant.

274 1904 370 1946 284.
420 1913 619 1945 MAGNVM
664 1912 748 1943 SOL
794 1908 1205 1941 CIRCVMVOLVITVR
1244 1906 1404 1936 ANNVM
1445 1893 1610 1947 antiqui
1653 1895 1848 1947 tempora

156 1977 366 2019 sideribus
412 1973 720 2028 computabant
764 1974 806 2012 et
850 1970 1048 2011 dixerunt
1091 1967 1229 2022 primo
1275 1966 1468 2006 lunarem
1513 1979 1671 2005 annum
1713 1962 1845 2005 XXX.

156 2048 340 2098 dierum:
372 2045 482 2086 unde
514 2043 729 2085 invenitur
760 2042 806 2082 in
838 2040 1053 2095 aliquibus
1086 2035 1283 2079 DCCCC.
1312 2050 1519 2077 annorum
1551 2035 1652 2088 vita,
1685 2034 1849 2075 scilicet

156 2117 382 2159 lunarium.
444 2118 594 2170 postea
628 2112 873 2155 solstitialis
907 2125 1041 2152 annus
1074 2110 1266 2163 repertus
1301 2109 1381 2161 est,
1427 2106 1499 2160 qui
1531 2105 1626 2146 XII.
1659 2104 1848 2146 continet

157 2203 335 2230 menses,
379 2200 477 2227 mox
509 2185 671 2226 maiore
704 2198 805 2225 cura
838 2196 995 2223 annum
1028 2194 1120 2221 esse
1153 2192 1357 2233 magnum
1389 2177 1617 2219 voluerunt
1650 2175 1847 2217 omnibus

156 2258 342 2314 planetis
374 2257 418 2298 in
445 2256 623 2298 eundem
651 2253 966 2295 recurrentibus
994 2252 1152 2304 locum,
1185 2251 1227 2290 et
1251 2249 1321 2290 hic
1347 2248 1407 2302 fit,
1441 2250 1488 2288 ut
1514 2261 1642 2300 supra
1664 2245 1712 2299 <I
1732 2245 1847 2298 269>

254 2390 299 2421 24
324 2384 469 2428 antiqui
494 2385 664 2428 tempora
689 2393 718 2417 e.
745 2393 779 2425 q.
807 2381 851 2426 s.]
879 2380 923 2415 cf.
950 2379 997 2414 ad
1022 2379 1110 2414 Aen.
1137 2378 1152 2411 I
1179 2381 1245 2411 269

258 2509 274 2538 1
304 2502 408 2538 anuis
434 2501 652 2536 Ribbeckius
678 2510 762 2535 com.
789 2500 850 2533 lat.
878 2498 938 2532 rel.
965 2508 1003 2541 2).
1032 2500 1077 2531 84
1103 2496 1153 2530 ed.
1181 2495 1212 2528 I:
1246 2492 1350 2527 nauis
1377 2491 1457 2526 FT
1491 2502 1581 2525 anus
1610 2491 1815 2524 lilasi-fictas
1840 2490 1850 2533 J3

160 2557 179 2587 2
205 2553 243 2587 111
268 2551 345 2585 dies
370 2549 454 2584 inde
480 2552 559 2582 tum
585 2548 740 2592 ungeret
767 2546 972 2580 DIascicins
1014 2543 1098 2577 inde
1123 2544 1243 2576 totum
1268 2540 1449 2585 ungueret
1473 2538 1690 2572 Ribbeck-ius
1732 2536 1850 2570 indies

161 2599 245 2634 inde
272 2597 491 2642 inungueret
516 2595 692 2640 Hayenns
723 2593 761 2627 in
788 2593 847 2626 dei
873 2590 1153 2626 similitudinem
1178 2602 1212 2623 u.
1239 2588 1285 2621 F.
1296 2587 1492 2622 Sehoellius
1510 2586 1521 2630 ΙΙ
1542 2590 1560 2619 3
1588 2596 1653 2619 sua
1676 2584 1707 2617 Τ
1725 2585 1736 2627 ΙΙ
1778 2585 1849 2618 tra-

159 2647 279 2682 hebat
307 2645 353 2679 T.-
379 2643 579 2678 trahebant
605 2642 643 2676 F
659 2643 670 2686 ΙΙ
689 2641 727 2675 111
754 2639 850 2685 quis]
880 2651 898 2673 e
924 2637 1056 2683 quibus
1086 2637 1118 2671 T
1135 2638 1146 2681 ΙΙ
1166 2640 1186 2670 4
1212 2634 1333 2680 poteri
1358 2633 1397 2668 F
1414 2634 1425 2678 ΙΙ
1445 2632 1539 2677 61113]
1567 2632 1618 2665 613
1643 2632 1674 2665 Τ
1691 2633 1701 2675 ΙΙ
1722 2642 1758 2665 36
1784 2642 1848 2665 om.

688 2709 705 2724 V

163 2741 196 2774 T
222 2741 234 2784 ΙΙ
259 2743 278 2773 5
307 2738 498 2772 auctorare
528 2736 560 2770 T
596 2736 786 2770 auctorare
814 2733 853 2768 F
875 2735 886 2777 ΙΙ
918 2731 1122 2776 quodannis
1149 2730 1187 2764 F
1209 2730 1220 2773 ΙΙ
1251 2724 1369 2763 iaciat}
1398 2727 1436 2761 F
1470 2726 1653 2760 iaciuntur
1683 2725 1713 2757 Τ
1736 2726 1747 2768 ΙΙ
1768 2728 1786 2758 6
1813 2723 1850 2757 id

164 2799 229 2822 om.
257 2786 322 2827 Fu
350 2789 367 2819 7
395 2794 496 2818 mare
526 2783 573 2816 T:
604 2794 664 2816 ma
690 2782 755 2825 Fu
781 2791 984 2824 cognomen
1013 2779 1044 2812 Τ
1061 2780 1071 2822 ΙΙ
1100 2782 1141 2812 10
1168 2777 1246 2822 qui]
1275 2775 1361 2819 quia
1386 2774 1419 2807 L
1438 2776 1449 2818 ΙΙ
1476 2773 1650 2817 agonales
1676 2771 1775 2805 LII:
1813 2773 1851 2805 ct

161 2844 282 2878 agona
307 2831 382 2866 FC
417 2832 454 2865 et
478 2830 655 2874 agonales
679 2828 770 2862 ME
787 2828 799 2872 ΙΙ
818 2828 996 2871 cleopatra
1015 2826 1054 2859 F
1071 2827 1082 2870 ΙΙ
1104 2829 1142 2858 11
1172 2824 1311 2868 primus
1331 2821 1407 2856 FO
1422 2822 1434 2865 ΙΙ
1455 2825 1495 2854 12
1517 2819 1679 2864 practer]
1702 2819 1851 2862 propter

163 2880 255 2916 FGl
273 2881 286 2924 ΙΙ
307 2883 349 2913 14
375 2877 567 2921 relligione
589 2876 710 2910 FEm
729 2877 741 2919 ΙΙ
762 2879 803 2909 15
826 2874 967 2909 scilicet
991 2874 1070 2907 hab.
1094 2873 1123 2907 C
1139 2873 1151 2916 ΙΙ
1172 2876 1214 2905 16
1236 2868 1459 2912 didicerunt]
1481 2867 1553 2900 dici
1575 2866 1774 2908 coeperunt
1794 2864 1823 2898 C
1840 2864 1851 2909 Ι

166 2933 207 2963 17
234 2929 333 2961 terra
360 2926 396 2959 et
421 2924 624 2968 terrigenes
645 2924 768 2957 autem
789 2922 836 2963 F,
862 2921 1016 2955 correoeit
1038 2919 1274 2954 Oovmneh'nus
1293 2917 1304 2960 ΙΙ
1323 2920 1365 2950 21
1387 2914 1612 2958 impleantur
1633 2912 1707 2946 FC
1723 2913 1735 2955 ΙΙ
1755 2922 1850 2946 com-

163 2973 327 3018 munem]
354 2971 649 3007 communionem
675 2969 713 3003 F
730 2970 741 3012 ΙΙ
766 2973 808 3002 22
837 2970 874 3002 61
899 2967 1004 3002 ludos
1032 2966 1234 3001 celebrasse
1260 2975 1324 2998 om.
1352 2962 1390 2996 F
1407 2962 1419 3006 ΙΙ
1444 2965 1487 2995 24
1515 2971 1687 3003 magnum
1715 2970 1759 2992 ne
1786 2970 1850 3002 pu-

163 3024 282 3055 temus
314 3021 481 3053 lunarem
514 3028 592 3052 esse
624 3017 820 3060 propterea
852 3014 953 3048 dixit.
1005 3013 1145 3056 antiqui
1179 3011 1274 3046 enim
1307 3012 1475 3052 tempora
1506 3018 1531 3041 e.
1565 3018 1595 3051 (J.
1627 3017 1653 3041 s.
1681 3006 1817 3040 Daniel
1850 3005 1851 3032 Ι

164 3072 207 3102 26
243 3066 463 3111 quibusdam
491 3066 538 3099 M
570 3066 600 3108 (t
631 3062 817 3106 aliquibus
849 3072 1022 3106 snperscr.
1055 3061 1102 3104 rm)
1140 3061 1151 3103 ΙΙ
1188 3062 1230 3092 28
1259 3067 1431 3100 magnum
1465 3065 1600 3088 annum
1633 3064 1711 3088 esse
1745 3052 1819 3087 FC
1850 3033 1852 3089 Ι

165 3119 208 3149 29
236 3112 512 3148 decurrentibus
538 3111 664 3145 ΖΗΕ
681 3112 693 3155 ΙΙ
713 3109 788 3155 hic]
816 3109 886 3143 hoc
913 3108 969 3142 FZ
1006 3108 1074 3142 hec
1101 3107 1130 3141 C
1147 3108 1158 3150 ΙΙ
1178 3115 1287 3148 supra
1312 3114 1376 3138 om.
1404 3101 1479 3136 FG

1868 560 1887 589 C!

1870 911 1913 941 10

1874 1262 1916 1293 15
