2204 3437
421 151 507 191 254
1186 153 1345 188 SERVII

417 259 490 301 bus
522 263 643 313 atque
674 261 718 302 in
748 260 929 302 homines
960 261 1158 303 conversis
1188 261 1295 302 dicit.
1398 272 1545 303 SORTE
1576 273 1756 305 DVCTVS
1790 263 1851 304 310
1882 262 2112 305 Sallustius

419 333 559 372 sorte
592 331 770 373 ductos
802 331 930 372 fusti
961 335 1120 373 necat.

538 402 637 443 202.
687 413 944 444 SOLLEMNIS
976 415 1093 445 ARAs
1134 403 1426 445 anniversario
1465 403 1674 446 sacrificio
1713 405 1952 461 religiosas.
2014 406 2114 447 dici-

420 487 512 513 mus
547 476 688 513 autem
722 476 765 514 et
798 473 1052 515 sacrificium
1085 475 1310 528 sollemne,
1352 477 1395 516 et
1427 489 1523 516 aras
1557 475 1804 530 sollemnes,
1844 479 1892 518 ut
1923 476 2114 531 apricum

371 550 390 579 5
419 545 461 582 et
493 542 710 584 hominem
743 545 785 584 et
815 544 974 599 locum,
1007 548 1054 586 ut
1087 546 1249 600 aprici
1282 545 1572 587 meminisse
1615 561 1760 588 senes
1793 547 1985 602 Persius,
2018 561 2113 589 con-

417 615 485 653 tra
517 612 724 655 Horatius
757 629 842 655 cur
874 615 1100 670 apricum
1134 617 1301 658 oderit
1334 631 1570 670 campum.
1631 617 1798 669 quidam
1823 618 1978 671 dicunt,
2008 618 2116 670 quod

417 684 607 725 continuo
638 685 913 738 quinquennio
949 700 1113 728 sacrum
1150 688 1274 729 eutem
1311 688 1380 728 cleo
1418 687 1637 740 quotannis
1671 687 1800 739 feceret
1828 691 2115 738 restauratum,

416 754 604 796 sollemne
634 756 731 810 dici,
771 758 853 798 sive
876 759 1087 811 publicum
1116 759 1259 811 fuerit,
1290 759 1373 800 sive
1396 759 1619 812 privatum.
1729 771 1920 801 TAVRVM
1951 770 2116 800 INGEN-

418 836 510 865 TEM
537 840 624 867 non
649 830 821 880 praeter
846 829 1060 871 rationem
1087 831 1153 870 est
1178 829 1259 871 1100
1285 830 1379 870 1000
1402 827 1681 883 eingentem':
1708 829 1813 870 alibi
1838 830 1937 871 iam
1964 844 2116 872 cornu

350 903 392 933 10
417 898 582 949 petat:
615 897 660 937 in
692 897 880 941 victimis
915 901 1025 941 enim
1066 901 1150 942 ista
1182 901 1474 955 requiruntur,
1513 902 1560 941 ut
1591 900 1717 941 certis
1749 901 1998 942 numinibus
2031 915 2117 942 001·-

418 968 489 1008 tae
521 967 675 1009 aetatis
708 972 948 1011 mactentur
980 970 1195 1011 animalia.
1315 987 1521 1012 mensem
1547 970 1697 1017 scilicet
1726 974 1773 1011 ut
1803 970 1972 1012 Graecis
2002 972 2116 1012 mata

417 1038 639 1091 naufhayio
669 1041 936 1092 provenirent.
997 1042 1097 1093 quid
1125 1044 1260 1082 autem
1291 1041 1345 1082 sit
1376 1039 1594 1081 ‘mactare'
1627 1041 1672 1081 in
1703 1044 1846 1094 quarto
1874 1042 1975 1083 libro
2003 1042 2115 1095 <57>

418 1108 632 1151 innuimus
669 1114 888 1152 mactant
926 1112 1074 1153 lectas
1111 1112 1163 1153 de
1200 1125 1326 1153 onore
1373 1111 1600 1153 bidentes.
1667 1124 1764 1153 sane
1800 1113 2005 1154 sciendum
2042 1113 2119 1153 rite

421 1179 612 1232 Neptuno
644 1185 681 1222 ct
710 1181 899 1234 Apollini
930 1186 1069 1224 tauros
1100 1183 1387 1233 immolandos,
1432 1196 1530 1223 nam
1561 1181 1653 1223 Iovi
1683 1196 1766 1223 non
1798 1183 1933 1224 licere:
1964 1184 2050 1225 ideo
2082 1186 2118 1224 et

351 1257 392 1287 15
419 1250 465 1290 in
498 1252 610 1292 tertio
644 1252 745 1293 libro
778 1252 889 1306 <21>
914 1253 1152 1306 proctaeyium
1183 1253 1281 1294 dicit
1309 1256 1497 1294 secutum.

537 1321 635 1362 203.
692 1339 784 1364 Eser
808 1340 945 1364 .-1rm:.u
978 1337 1070 1364 cum
1106 1337 1154 1364 ex
1196 1324 1400 1376 inproviso
1437 1323 1524 1364 vult
1559 1323 1721 1375 aliquid
1756 1325 1957 1366 ostendere
1995 1324 2116 1366 ‘ecce'

411 1392 549 1445 ponit,
580 1396 625 1433 ut
651 1393 791 1446 <318>
818 1407 918 1434 ecce
948 1397 1108 1435 autem
1136 1395 1252 1436 telis
1276 1393 1511 1435 Panthus.
1548 1394 1653 1435 sicut
1677 1393 1813 1436 Cicero
1839 1409 1936 1436 ecce
1961 1399 2119 1437 autem

417 1466 610 1514 repente
642 1463 771 1505 ebrio
804 1463 1068 1516 Cleomene,
1100 1465 1433 1506 esurientibus
1464 1465 1647 1506 ceteris.
1769 1476 1935 1507 GEMINI
1967 1466 2049 1508 duo
2076 1469 2118 1508 et

418 1532 593 1574 similes.
633 1532 834 1587 ‘gemini'
871 1537 1013 1576 autem
1046 1538 1145 1577 sunt
1176 1535 1348 1590 proprie
1380 1535 1535 1576 fratres
1570 1535 1697 1576 simul
1723 1536 1827 1578 nati.
1924 1554 1948 1578 A
1972 1554 2118 1580 ΤΕΝΕυο

348 1610 392 1641 20
419 1603 506 1644 ideo
550 1605 657 1656 quod
697 1606 976 1658 siqniftcarent
1017 1619 1140 1647 naves
1185 1607 1276 1647 inde
1317 1609 1518 1647 venturas.
1649 1623 1890 1653 TRANQVJLLA
1921 1624 1993 1649 PER
2018 1625 2117 1649 Arm

418 1673 597 1715 absolute
627 1675 743 1716 dixu.

536 1745 633 1787 204.
682 1757 929 1788 Honnnsco
962 1758 1198 1788 REFERENS
1238 1747 1368 1788 etiam
1405 1747 1615 1802 referens,
1652 1748 1760 1801 quod
1796 1752 1881 1790 tum
1917 1749 2116 1791 vidissem.

535 1832 721 1857 JNMENSJS
752 1834 916 1858 ORBIBI'S
954 1831 1034 1870 pro
1083 1819 1362 1859 ‘e'mncnsormn
1410 1818 1578 1859 orbumn.
1721 1831 1904 1861 ANGVES
1955 1834 2115 1875 angues

420 1900 626 1939 aquarum
660 1890 776 1941 sunt,
808 1889 1026 1941 serpentes
1064 1890 1297 1942 terrarum,
1335 1887 1539 1929 dracones
1572 1889 1849 1944 templorum,
1880 1892 1928 1931 ut
1955 1890 2005 1931 -in
2035 1890 2116 1932 1100

348 1964 392 1995 25
418 1956 579 1997 indicat
611 1957 705 1998 loeo
739 1958 993 2012 ‘tranquilla
1024 1973 1100 2012 per
1133 1959 1221 2000 alta
1253 1958 1454 2012 angues'3
1486 1959 1615 2012 paulo
1645 1962 1744 2013 post
1769 1960 1909 2014 <214>
1936 1962 1981 2002 in
2008 1964 2117 2002 terra

420 2026 615 2081 ‘serpens
649 2027 910 2082 amplexus'3
943 2028 1048 2069 item
1074 2029 1215 2083 <225>
1243 2028 1443 2070 ‘delubra
1475 2029 1526 2070 ad
1560 2044 1726 2071 summa
1758 2030 1998 2072 dracones'.
2043 2031 2117 2072 sed

418 2096 524 2138 haec
557 2098 815 2152 significatio
848 2099 1099 2153 plerumque
1139 2099 1424 2141 confunditur.
1485 2099 1630 2141 borum
1660 2114 1760 2142 sane
1790 2102 2013 2143 draconum
2044 2116 2114 2144 no-

420 2169 536 2208 mina
567 2168 779 2221 Sophocles
811 2170 857 2211 ‘in
887 2169 1113 2212 Laocoonte
1143 2172 1249 2212 dicit.

515 2358 531 2388 1
563 2355 777 2401 Sallustius]
804 2356 887 2390 hist.
916 2356 1046 2401 fragm.
1072 2357 1121 2390 IV
1149 2360 1191 2391 27
1219 2357 1279 2392 Kr.
1306 2358 1317 2401 ΙΙ
1347 2360 1365 2391 5
1392 2357 1556 2403 Persius]
1584 2359 1651 2392 sat.
1680 2358 1711 2392 V
1739 2362 1805 2392 179
1834 2359 1846 2403 ΙΙ
1878 2363 1897 2393 6
1924 2358 2113 2404 Horatius]

420 2413 530 2438 carm.
557 2402 573 2436 Ι
599 2406 638 2445 8,
664 2407 683 2436 3
717 2404 728 2447 ΙΙ
761 2408 779 2437 9
815 2403 920 2449 alibi]
952 2403 1035 2437 buc.
1062 2404 1111 2437 III
1139 2407 1182 2438 87
1215 2405 1227 2448 ΙΙ
1260 2408 1302 2438 13
1336 2415 1422 2439 sane
1456 2404 1645 2439 sciendum
1678 2416 1707 2440 e.
1736 2412 1769 2449 q:
1798 2406 1841 2451 s.]
1875 2406 1920 2440 ef.
1951 2406 2111 2441 Macrob.

421 2448 495 2483 Sat.
526 2449 574 2482 111
603 2453 656 2492 10,
683 2451 735 2493 411
757 2454 798 2485 16
826 2462 908 2485 011111
935 2461 977 2484 ex
1003 2450 1188 2494 inproviso
1215 2462 1243 2485 e.
1272 2463 1305 2494 q.
1334 2452 1378 2497 s.]
1411 2451 1456 2486 cf.
1482 2452 1573 2486 Don.
1602 2452 1649 2486 ad
1675 2452 1756 2487 Ter.
1783 2453 1930 2497 adelph.
1956 2453 2007 2487 IV
2035 2457 2065 2497 7,
2092 2457 2113 2487 4

421 2498 457 2530 et
482 2495 631 2531 Phorm.
659 2497 691 2530 ΙΙ
721 2502 750 2539 1,
778 2502 832 2532 34.
882 2497 1180 2532 Pseudo-Ascon.
1208 2510 1242 2542 p.
1273 2502 1351 2542 133,
1378 2502 1397 2532 9
1426 2500 1486 2534 Or.
1512 2499 1524 2542 ΙΙ
1552 2503 1592 2533 17
1621 2499 1763 2544 Cicero]
1792 2499 1829 2534 in
1856 2500 1956 2535 Verr.
1984 2502 2054 2535 act.
2081 2500 2114 2534 ΙΙ

418 2542 481 2576 lib.
509 2542 551 2577 V.
580 2547 635 2586 34,
662 2547 705 2577 87
738 2545 750 2588 ΙΙ
781 2549 823 2578 23
851 2555 988 2589 angues
1014 2556 1193 2588 aquarum
1220 2547 1304 2579 sunt
1329 2556 1357 2580 e.
1386 2557 1419 2589 q.
1447 2546 1491 2592 s.]
1519 2557 1630 2580 exscr.
1658 2545 1741 2582 Isid.
1770 2546 1845 2582 diff.
1872 2547 1971 2582 verb.
1997 2551 2042 2582 48

514 2724 533 2753 2
561 2721 658 2754 sorte
685 2719 814 2755 ductos
842 2720 930 2754 susti
951 2723 1059 2755 necat
1077 2721 1214 2755 Daniel
1234 2723 1347 2756 edidit
1371 2734 1388 2756 e
1412 2722 1587 2757 Parisino
1609 2726 1710 2764 7929,
1736 2723 1800 2767 qui
1819 2723 1867 2756 ad
1886 2723 1977 2758 Aen.
1999 2722 2049 2757 VI
2069 2727 2113 2758 22

422 2768 538 2801 sortes
564 2767 691 2802 ductos
716 2768 807 2802 fusti
837 2769 946 2802 necat
977 2769 1130 2810 exhibet,
1163 2780 1272 2812 neque
1297 2769 1516 2804 Fuldensem
1549 2770 1737 2804 dissentire
1762 2771 1802 2804 in
1828 2770 2024 2813 appendice
2049 2771 2113 2804 ad-

420 2818 583 2848 notatum
609 2818 677 2848 est:
703 2816 800 2850 sorte
822 2815 952 2849 ductus
972 2815 1078 2849 furtis
1098 2817 1211 2859 negat
1230 2816 1263 2849 L
1289 2818 1386 2850 sorte
1407 2816 1537 2851 ductus
1558 2815 1648 2850 furti
1667 2818 1780 2861 negat
1799 2817 1841 2850 H
1857 2820 1889 2850 et
1908 2816 2114 2860 Stephanus

421 2865 519 2895 sorte
547 2861 677 2895 ductus
703 2862 792 2896 furti
817 2862 927 2896 necat
954 2862 1046 2896 ME
1071 2864 1168 2896 sorte
1194 2862 1324 2897 duetus
1351 2863 1439 2897 furti
1464 2863 1590 2908 negati
1617 2864 1816 2898 Fabricius
1835 2864 1846 2906 ΙΙ
1866 2868 1885 2897 3
1913 2864 1961 2897 acl
1986 2874 2015 2897 r.
2044 2867 2110 2897 202

422 2907 626 2943 Sollemnes
653 2910 751 2954 aras]
779 2909 1028 2944 anniuersario
1056 2909 1235 2944 sacrificio
1264 2937 1269 2943 .
1293 2936 1298 2942 .
1321 2939 1326 2945 .
1356 2912 1393 2944 et
1418 2910 1551 2945 locum.
1586 2911 1623 2944 P
1651 2912 1662 2954 ΙΙ
1695 2915 1714 2944 6
1741 2909 1874 2953 oderit]
1909 2910 2012 2944 odori
2038 2910 2113 2956 11]]

421 2960 440 2988 s>
467 2955 628 2999 praeter]
655 2957 807 3001 propter
832 2957 871 2990 fl
902 2957 913 3000 ΙΙ
945 2958 986 2990 ut
1021 2956 1110 2990 alibi
1137 2956 1216 2990 LE
1244 2958 1256 3000 Η
1290 2961 1330 2990 13
1357 2958 1498 2991 mactat
1523 2957 1554 2991 C
1581 2958 1593 3001 ss
1626 2961 1668 2991 16
1701 2958 1750 2991 ad
1773 2968 1804 2992 v.
1832 2960 1898 2990 203
1925 2956 2030 2991 Eece.
2080 2958 2113 2991 A

421 3001 568 3037 Tenedo
596 3003 800 3049 (tenendo)]
826 3003 909 3038 ideo
936 3004 1034 3047 quod
1061 3031 1069 3040 .
1092 3032 1098 3037 .
1121 3031 1127 3037 .
1156 3003 1258 3037 dixit.
1289 3004 1324 3036 P
1341 3006 1352 3048 ΙΙ
1374 3008 1414 3038 19
1442 3004 1581 3048 gemini
1608 3033 1614 3039 .
1639 3032 1645 3038 .
1668 3033 1674 3039 .
1701 3003 1779 3038 nati
1804 3014 1868 3037 om.
1898 3003 2037 3047 2111122
2065 3005 2113 3038 (αἶ

420 3059 450 3080 r.
485 3052 552 3082 ‘304
589 3049 782 3085 Horresco.
844 3051 1023 3084 Inmensis
1062 3049 1227 3095 orbibus]
1266 3050 1514 3085 inmensorum
1553 3051 1706 3086 orbium.
1768 3050 1934 3095 Angues]
1973 3061 2112 3095 angues

421 3105 596 3137 aquarum
624 3098 854 3140 (anquarum)
881 3098 983 3141 sunt,
1010 3098 1198 3142 serpentes
1224 3099 1415 3131 terrarum.
1445 3097 1482 3131 P
