2204 3437
308 588 327 618 01

290 940 332 971 10

294 1293 335 1323 15

294 1644 338 1674 20

297 1996 340 2028 25

351 186 406 225 43
1117 176 1275 212 SERVII

469 291 537 333 95.
582 301 685 339 QVIS
728 291 771 330 et
809 288 902 343 quis
943 289 984 329 et
1021 286 1174 340 quibus
1216 283 1449 337 significat:
1489 280 1719 322 secundum
1760 281 1897 320 artem
1935 277 2049 319 enim

353 363 413 404 sic
446 362 637 403 dicimus.
700 360 751 401 ab
796 373 844 401 eo
877 358 991 399 enim
1023 356 1135 411 quod
1168 354 1310 396 est'‘a
1344 351 1437 407 qui'
1477 352 1522 392 in
1561 349 1682 392 ‘bus’
1721 349 1876 404 mittit,
1914 349 1967 390 ab
2000 362 2049 389 eo

354 433 467 488 quod
501 435 565 474 est
596 430 637 472 ‘a
663 429 762 485 quo’
789 430 833 470 in
859 428 927 470 ‘is'
955 428 1109 480 mittit,
1143 425 1215 466 sed
1241 439 1266 465 a
1293 423 1421 464 tertia
1454 421 1736 462 declinatione
1768 419 1813 460 in
1838 434 1918 460 usu
1950 420 2050 460 sunt

354 504 523 545 dativus
557 504 599 543 et
631 501 846 543 ablativus
879 499 1083 553 plurales,
1114 497 1214 537 licet
1247 493 1410 548 antiqui
1437 492 1634 534 omnibus
1660 491 1727 531 usi
1754 490 1842 531 sint
1869 489 2050 531 casibus.

355 574 534 628 denique
567 571 674 613 Cato
714 571 760 612 in
802 569 1040 624 originibus
1083 567 1144 608 ait
1185 566 1227 607 si
1270 578 1389 619 ques
1433 565 1550 603 sunt
1589 561 1779 615 populi.
1841 562 1884 600 et
1927 558 2052 600 decli-

355 645 476 686 navit
497 643 614 698 eques
634 640 809 697 quium⁹,
829 643 877 681 ut
897 639 1082 694 ‘puppes
1109 634 1350 691 puppium'.
1470 642 1705 675 MOENIBVS
1727 641 1858 672 ALTIS
1880 632 2054 684 propter

356 716 583 769 Pergama,
625 711 732 767 quae
774 711 986 753 altissima
1026 709 1216 761 fuerunt,
1257 721 1307 747 ex
1348 705 1500 760 quibus
1545 703 1689 744 omnia
1729 701 1818 742 alta
1861 700 2054 741 aedificia

356 798 563 840 pergama
595 785 821 836 vocantur,
854 781 963 823 sicut
995 778 1234 832 Aeschylus
1268 776 1380 818 dicit.

475 856 543 897 96.
590 864 827 896 OPPETERE
855 866 927 894 ore
952 854 1113 892 terram
1139 850 1302 902 petere,
1334 847 1376 887 id
1404 848 1467 887 est
1494 844 1615 885 mori.
1660 857 1886 897 possumus
1913 844 2055 882 autem
2077 848 2079 850 ’

359 926 418 967 818
450 925 515 966 011
545 925 626 966 1100
665 937 876 976 sermone,
913 923 961 962 ut
1000 922 1042 960 et
1079 933 1154 973 per
1193 932 1236 958 se
1275 917 1426 971 plenus
1467 916 1523 956 sit
1561 917 1604 955 et
1640 913 1819 967 recipiat
1857 912 2056 953 adiectio—

357 1010 466 1037 nem.
528 1009 629 1050 ergo
663 995 841 1035 dicimus
875 996 917 1033 et
950 990 1117 1045 oppetit
1149 991 1191 1029 et
1223 990 1405 1028 mortem
1438 986 1623 1040 oppetit,
1656 984 1767 1025 81001
1794 986 1836 1024 81
1863 982 2052 1036 exspirat

359 1070 401 1108 et
433 1066 622 1108 animam
661 1065 861 1119 exspirat.
981 1070 1257 1102 FORTISSIME
1299 1068 1467 1098 GENTIS
1508 1055 1627 1110 atqui
1666 1055 1711 1094 in
1749 1053 1914 1094 artibus
1952 1053 2057 1108 legi-

359 1152 454 1178 mus
487 1136 797 1190 superlativum
830 1133 1009 1189 gradum
1040 1145 1128 1172 non
1159 1129 1245 1170 nisi
1277 1128 1473 1183 genetivo
1507 1126 1664 1181 plurali
1695 1124 1825 1179 iungi.
1888 1125 2056 1166 constat

361 1208 549 1262 quidem,
594 1207 666 1248 sed
710 1204 858 1260 egens'
904 1217 1060 1245 nomen
1105 1203 1170 1242 est
1214 1198 1504 1241 enuntiatione
1553 1195 1789 1250 singulare,
1836 1194 2059 1236 intellectu

363 1278 540 1332 plurale.
586 1277 691 1318 bene
725 1289 826 1329 ergo
860 1274 1018 1326 iunxit,
1049 1273 1094 1313 in
1127 1273 1252 1325 gente
1286 1270 1398 1310 enim
1430 1268 1573 1322 plures
1607 1268 1721 1319 sunt,
1754 1268 1802 1306 ut
1833 1265 1936 1306 alibi
1968 1264 2059 1318 ipse

361 1348 654 1389 ditissimus
694 1346 806 1401 agri
842 1343 1167 1393 Phoenicum,
1212 1355 1298 1381 non
1335 1339 1448 1380 enim
1486 1352 1595 1378 unus
1635 1339 1700 1377 est
1739 1349 1841 1390 ager
1878 1335 2059 1376 Phoeni-

363 1434 467 1460 cum.
512 1419 616 1459 item
650 1415 878 1458 Sallustius
911 1413 1124 1455 Romani
1157 1410 1359 1466 generis
1393 1407 1785 1450 disertissimus.
1823 1409 1897 1447 aut
1926 1418 2061 1458 super-

363 1491 485 1532 lativo
527 1502 605 1542 pro
646 1486 917 1541 comparativo
957 1497 1055 1525 113113
1094 1483 1268 1531 videtur,
1315 1481 1434 1533 quasi
1471 1478 1712 1531 fortissimis
1752 1476 2061 1530 comparandus,

361 1575 443 1602 11011
480 1563 526 1601 w}
561 1559 678 1611 vulyo
717 1557 892 1598 creditur
920 1553 1225 1608 praeferemlus.
1295 1565 1397 1591 sane
1430 1549 1666 1604 quaeritur,
1706 1562 1779 1588 cur
1809 1547 2062 1589 Diomedem

365 1631 651 1674 fortissimum
683 1626 854 1680 dixerit,
893 1640 988 1666 eum
1020 1626 1119 1677 post
1152 1621 1365 1663 Achillem
1405 1623 1448 1660 et
1479 1619 1656 1660 Aiacem
1688 1617 1778 1671 ipse
1813 1619 1875 1658 sit‘
1900 1617 2063 1669 tertius,

364 1702 473 1743 unde
522 1703 563 1742 et
604 1697 835 1740 Sallustius
881 1696 942 1736 ait
990 1694 1204 1748 primum
1247 1692 1557 1733 Graecorum
1598 1688 1866 1729 Achillem.
1938 1687 2063 1728 multi

366 1773 510 1814 dicunt
548 1770 641 1811 ideo
679 1767 985 1820 fortissimum,
1025 1765 1125 1819 quia
1162 1765 1280 1805 iuxta
1317 1762 1555 1804 Homerum
1594 1762 1636 1801 et
1666 1758 1881 1800 Venerem
1919 1758 2063 1799 vulne-

366 1843 478 1884 ravit
509 1844 551 1882 et
582 1840 777 1881 Martem.
829 1837 903 1879 alii
935 1837 987 1878 ad
1020 1838 1191 1891 gentem
1225 1833 1434 1886 referunt,
1467 1830 1578 1886 quod
1611 1830 1799 1872 Achilles
1832 1828 2065 1870 Thessalus

366 1914 459 1964 fuit,
485 1912 595 1953 Aiax
620 1910 819 1963 Graecus,
844 1907 1073 1949 Diomedes
1094 1905 1281 1947 Danaus.
1332 1902 1458 1944 multi
1486 1901 1540 1943 ad
1561 1901 1876 1942 exeusationem
1896 1900 2065 1940 Aeneae

367 1984 516 2025 volunt
554 1982 837 2025 fortissimum
876 1979 1054 2032 dictum,
1089 1992 1113 2018 a
1155 1990 1237 2030 quo
1271 1989 1367 2016 eum
1400 1975 1569 2014 constat
1602 1986 1693 2012 esse
1726 1985 1991 2025 percussum,
2021 1972 2068 2010 ut

368 2054 578 2096 Iuvenalis
608 2053 679 2095 vel
715 2065 804 2104 quo
840 2049 1049 2103 Tydides
1077 2046 1326 2100 percussit
1354 2044 1571 2097 pondere
1601 2055 1769 2083 coxam
1799 2041 2001 2081 Aeneae.

468 2176 485 2205 1
513 2172 551 2205 et
575 2168 656 2213 quis
682 2179 712 2202 e.
740 2180 772 2211 q.
802 2166 845 2211 8.]
875 2163 1027 2210 [Sergii]
1061 2162 1205 2207 explan.
1232 2161 1269 2195 in
1296 2161 1387 2194 Don.
1413 2171 1448 2203 p.
1477 2163 1557 2201 502,
1586 2162 1626 2192 10
1653 2157 1696 2193 K.
1723 2156 1768 2193 cf.
1794 2157 1886 2191 Don.
1913 2156 1960 2191 ad
1985 2156 2065 2190 Ter.

371 2218 529 2262 adelph..
545 2217 578 2250 ll
600 2222 631 2259 3,
654 2220 670 2249 1
698 2217 710 2259 ΙΙ
739 2219 758 2248 5
785 2214 823 2248 in
849 2210 1068 2256 originibus]
1095 2210 1158 2244 rel.
1180 2209 1195 2242 I
1225 2213 1241 2241 1
1270 2209 1307 2242 et
1332 2218 1388 2251 ap.
1416 2206 1509 2241 [ord.
1539 2207 1577 2239 et
1601 2216 1658 2249 ap.
1685 2205 1763 2238 Pet.
1790 2205 1801 2248 ΙΙ
1832 2208 1873 2238 12
1900 2202 2003 2246 atqui
2029 2202 2067 2236 in

372 2265 560 2306 artibuse.
583 2275 615 2307 q.
638 2263 683 2307 s.]
713 2262 810 2295 Serv.
839 2271 969 2294 comm.
996 2258 1034 2291 in
1059 2258 1150 2291 Don.
1178 2268 1213 2300 p.
1241 2259 1320 2298 407,
1347 2259 1390 2288 29
1418 2255 1456 2288 81
1480 2258 1560 2295 431,
1588 2256 1630 2286 22
1659 2252 1701 2285 Κ.
1734 2253 1745 2296 ΙΙ
1779 2255 1820 2286 16
1848 2250 2064 2294 ditissimus]

372 2314 414 2348 A.
442 2313 458 2346 I
484 2315 550 2346 343
589 2311 600 2354 ΙΙ
640 2313 679 2344 17
709 2306 921 2351 Sallustius]
954 2304 1038 2339 hist.
1066 2303 1197 2347 fragm.
1224 2304 1239 2336 I
1266 2306 1284 2336 2
1313 2302 1424 2336 Kritz.
1456 2302 1468 2345 Η
1505 2304 1546 2334 21
1577 2298 1789 2344 Sallustius]
1822 2297 1908 2334 hist.
1935 2297 2066 2341 fragm.

374 2360 423 2395 III
449 2363 492 2394 32
519 2358 632 2392 Kritz.
661 2358 673 2400 ΙΙ
702 2360 745 2391 26
772 2352 973 2397 Iuvenalis]
1001 2352 1067 2386 sat.
1095 2350 1161 2385 XV
1189 2354 1232 2384 66

470 2470 486 2499 1
515 2465 563 2499 acl
587 2475 618 2498 υ.
640 2465 683 2497 95
712 2460 815 2506 Quis]
843 2460 966 2494 autem
994 2459 1031 2492 et
1056 2456 1187 2500 qu‘ibus
1213 2467 1325 2489 unum
1351 2453 1577 2498 significant,
1604 2451 1804 2486 secundum
1828 2450 1945 2484 artem
1971 2448 2067 2483 enim

375 2513 427 2547 sic
453 2511 619 2546 dicimus.
672 2509 718 2543 ab
746 2519 788 2542 eo
815 2506 912 2550 quod
939 2506 995 2539 est
1019 2516 1041 2538 a
1065 2514 1137 2547 quo
1164 2502 1201 2536 in
1227 2502 1257 2535 is
1283 2501 1419 2543 mittit,
1453 2500 1517 2534 sed
1543 2511 1565 2533 a
1589 2499 1700 2533 tertia
1725 2496 1973 2532 declinatione
2001 2524 2007 2530 .
2030 2524 2036 2531 .
2060 2524 2067 2530 .

375 2559 565 2604 puppium.
595 2557 631 2590 P
659 2558 671 2600 Η
703 2567 782 2593 vas
809 2581 816 2588 .
841 2582 846 2587 .
870 2581 876 2587 .
903 2551 1058 2586 dicimus
1089 2551 1129 2583 K
1136 2550 1186 2592 L,
1217 2550 1292 2582 ‘nisi
1323 2549 1417 2591 qnod
1448 2547 1575 2581 nificat
1606 2547 1745 2580 litterae
1775 2546 1998 2578 evanuerunt
2028 2544 2069 2576 111

376 2608 416 2640 K
422 2634 430 2650 ,
458 2605 642 2649 significat
667 2607 698 2637 et
723 2601 821 2635 enim
847 2601 959 2633 deleta
983 2601 1069 2632 sunt
1101 2598 1141 2630 2311>
1166 2597 1220 2629 L.-
1252 2595 1331 2639 quis
1365 2596 1402 2628 et
1432 2594 1564 2637 quibus
1596 2592 1796 2627 seeundum
1829 2592 1946 2625 artem
1972 2590 2069 2624 enim

377 2654 427 2688 sic
454 2652 610 2686 dicimus
635 2651 670 2684 R
710 2661 789 2687 Qvls
816 2647 898 2690 quis
926 2647 963 2680 et
989 2644 1121 2688 quibus
1148 2655 1259 2677 unum
1286 2641 1496 2686 significant
1521 2639 1720 2674 secundum
1752 2639 1869 2672 artem
1895 2637 1991 2671 enim
2019 2636 2070 2670 sic

377 2700 532 2734 dicimus
562 2698 615 2732 G*
653 2709 733 2735 Qvls
769 2695 850 2738 quis
877 2695 914 2727 et
939 2692 1070 2736 quibus
1097 2690 1295 2725 secundum
1328 2692 1446 2723 artem
1481 2687 1531 2722 sie
1557 2686 1712 2720 dicimus
1741 2685 1834 2720 ME
1862 2685 1874 2728 ΙΙ
1905 2688 1925 2717 3
1951 2683 1988 2716 111
2014 2682 2071 2716 1118

378 2748 445 2791 ΚΙΙ
471 2751 490 2780 5
517 2745 570 2780 ait
597 2773 602 2779 .
625 2772 631 2778 .
655 2772 661 2778 .
690 2745 727 2778 et
751 2753 816 2776 om.
842 2741 876 2774 B
907 2741 919 2784 ΙΙ
950 2739 981 2773 81
1012 2738 1116 2781 ques]
1145 2737 1211 2780 siq;
1238 2737 1277 2769 J(
1301 2737 1312 2779 ΙΙ
1337 2740 1356 2769 6
1384 2746 1499 2780 pupes
1525 2734 1678 2778 pupium
1702 2732 1788 2766 BA*
1809 2733 1821 2776 Η
1849 2735 1866 2765 7
1893 2740 2072 2775 pergama

377 2795 415 2828 id
441 2795 498 2828 est
526 2803 649 2826 muros
675 2791 709 2824 R
734 2790 746 2833 ΙΙ
774 2788 920 2822 fuerant
944 2786 976 2820 L
1000 2787 1012 2829 1}
1037 2783 1246 2818 aedificatia
1272 2783 1312 2816 J(
1334 2785 1345 2826 ΙΙ
1371 2786 1390 2815 8
1423 2781 1567 2825 escylus
1592 2781 1627 2814 Β
1660 2779 1819 2814 eschilus
1845 2778 1879 2811 L
1914 2776 2071 2812 aescilus

381 2842 428 2875 M
444 2842 456 2885 ΙΙ
476 2844 494 2874 9
522 2841 570 2874 ad
595 2851 626 2873 v.
647 2842 690 2872 9⁴3
719 2834 918 2880 Oppetere]
945 2844 1006 2867 ore
1031 2834 1167 2866 terram
1193 2831 1336 2875 petere,
1363 2830 1400 2863 id
1426 2831 1482 2863 est
1506 2828 1608 2862 mori.
1652 2827 1714 2861 uel
1739 2824 1884 2870 oppetit
1909 2823 2072 2868 exspirat

380 2890 430 2933 (et
461 2887 590 2932 spirat)
626 2886 686 2919 uel
724 2881 919 2918 occumbit.
976 2877 1188 2914 For-tissime
1220 2876 1358 2921 gentis]
1392 2875 1639 2920 superlatiuus
1671 2871 1965 2918 (superlatiuum)
1997 2881 2071 2904 non

381 2935 448 2969 nisi
474 2933 638 2979 genitiuo
664 2930 799 2977 plurali
824 2928 999 2972 iungitur.
1051 2925 1113 2959 sed
1142 2935 1231 2968 gens
1259 2923 1510 2957 enuntiatione
1543 2921 1746 2965 singulare,
1771 2919 1965 2953 intellectu
1991 2917 2070 2961 plu-

379 2982 472 3024 rale,
498 2982 541 3015 ut
573 2979 663 3014 alibi
693 2978 771 3022 ipse
799 3005 805 3011 .
829 3003 864 3009 ..
894 2972 1128 3008 Phoenicum.
1179 2970 1366 3014 quaeritur
1398 2981 1460 3004 cur
1491 2967 1694 3003 Diomeden
1722 2994 1728 3001 .
1751 2994 1757 3001 .
1780 2995 1786 3001 .
1814 2965 1955 3000 tertius.
2006 2962 2070 2997 alii

381 3029 477 3071 quod
506 3030 544 3062 et
567 3027 747 3061 Venerem
775 3052 781 3058 .
804 3053 810 3058 .
834 3051 840 3057 .
867 3023 909 3056 ut
934 3019 1117 3055 quenalis
1143 3017 1244 3052 dicit.
1275 3017 1309 3049 P
1326 3019 1338 3060 ΙΙ
1360 3021 1399 3050 11
1421 3017 1538 3050 morte
1566 3016 1614 3048 M
1630 3014 1642 3057 ΙΙ
1664 3018 1704 3048 13
1731 3013 1887 3058 gradum
1912 3009 2070 3045 nominis

381 3076 415 3108 B
440 3076 452 3117 Ι]
479 3079 520 3108 15
546 3073 685 3117 plures]
713 3070 874 3116 plurales
900 3069 940 3102 K
962 3070 974 3112 1]
1001 3071 1041 3101 17
1068 3066 1175 3109 item]
1202 3066 1243 3098 ut
1262 3064 1296 3096 B
1323 3064 1374 3098 sic
1398 3064 1462 3096 Ml
1485 3064 1497 3106 ΙΙ
1517 3067 1558 3096 21
1587 3060 1748 3096 achillen
1772 3059 1866 3093 BM
1891 3059 1903 3102 ΙΙ
1929 3061 1972 3091 22
1999 3057 2072 3091 for—

381 3122 543 3155 tissimus
571 3121 607 3153 J(
632 3121 644 3163 Η
669 3124 712 3153 25
739 3127 950 3162 percussum
979 3115 1019 3148 K
1025 3113 1122 3147 LH:
1148 3111 1361 3156 superatum
1385 3110 1474 3143 ΒΜ
1487 3108 1598 3143 0²⁵‘Pl
