2204 3437
387 169 484 206 XCII
1093 164 1375 201 PRAEFATIO.

387 280 597 321 librorum
634 278 808 319 illorum
848 277 1144 331 supplementa
1182 273 1430 328 plenissime
1471 271 1681 313 exhibuit:
1721 286 1746 312 a
1783 285 1850 312 me
1889 284 1939 312 ea
1976 284 2082 324 quae

389 350 441 391 ad
473 349 676 391 Aeneidis
708 348 844 389 libros
868 346 987 388 I—V
1007 346 1224 400 pertinent
1256 344 1308 384 ad
1328 343 1615 384 Dresdensem
1642 341 1827 383 codicem
1859 340 2083 395 recognita

389 422 506 474 sunt,
537 420 635 461 inde
669 435 693 461 a
725 421 845 460 sexto
878 418 988 458 libro
1022 416 1264 457 Parisinum
1293 414 1424 464 79135,
1458 427 1583 468 quem
1617 427 1726 453 anno
1763 412 1872 454 1857
1905 411 2085 465 inspexi,

389 491 440 532 ad
473 505 566 532 eam
598 504 689 531 rem
722 488 945 531 adhibebo.
1002 487 1156 540 quibus
1184 485 1398 527 codicibus
1432 498 1526 525 cum
1552 497 1638 524 non
1671 483 1815 525 omnia
1844 494 1952 537 quae
1982 480 2084 522 Itali

389 561 642 603 addiderunt
687 560 1009 612 contineantur,
1047 571 1183 611 pauca
1215 555 1422 610 quaedam
1462 568 1511 595 ex
1556 553 1810 595 Fabriciano
1851 552 2094 606 exemplari‘

390 631 665 674 exscribenda
698 633 830 671 erant.
843 628 873 685 1)

504 701 621 744 Haec
660 703 804 742 autem
849 699 1162 753 supplementa,
1207 711 1313 750 quae
1359 711 1383 737 a
1419 695 1628 737 Masvicio
1667 695 1913 737 Burmanno
1949 693 2082 735 Lione

389 775 500 815 inter
531 773 625 827 ipsa
657 770 934 826 grammatici
966 769 1098 810 verba
1129 769 1300 821 recepta
1333 769 1449 820 sunt,
1482 781 1577 807 cum
1597 780 1684 808 non
1704 768 1902 820 putarem
1935 764 2082 806 eodem

389 860 471 899 quo
504 844 745 898 pleniorum
777 842 984 891 librorum
1015 839 1179 881 scholia
1200 839 1293 879 loco
1314 837 1511 878 habenda
1532 851 1641 887 esse,
1674 837 1719 877 in
1751 836 1944 877 criticum
1971 850 2081 877 com-

390 915 647 957 mentarium
680 912 894 968 ablegavi:
928 925 1025 952 nam
1061 925 1155 951 cum
1187 909 1281 963 ipsa
1313 922 1480 962 quoque
1521 923 1545 948 a
1578 905 1725 948 Servio
1765 907 1902 948 aliena
1940 903 2082 961 sint2),

390 990 480 1027 tum
511 1000 596 1027 non
631 984 769 1026 solum
801 985 976 1037 propter
1014 981 1222 1022 librorum
1263 979 1417 1033 quibus
1461 978 1733 1019 continentur
1775 981 1971 1031 tempora
2009 976 2081 1017 sed

388 1058 518 1098 etiam
533 1059 707 1110 propter
724 1069 871 1096 causas
886 1054 931 1094 in
951 1053 1142 1106 ipsorum
1162 1050 1328 1091 ratione
1349 1050 1511 1104 positas
1527 1049 1730 1103 pleraque
1746 1049 1894 1103 quinto
1916 1047 2078 1089 decimo

391 1128 556 1170 saeculo
578 1127 774 1168 videntur
795 1123 1031 1178 composita
1052 1136 1155 1163 esse.
1190 1135 1271 1176 quo
1298 1121 1343 1161 in
1364 1133 1518 1174 genere
1550 1119 1659 1160 illud
1680 1119 1866 1174 primum
1899 1132 2080 1160 comme-

390 1213 508 1240 moro
542 1197 653 1252 quod
679 1198 722 1238 in
742 1196 950 1237 Italorum
983 1194 1072 1234 eius
1106 1191 1261 1234 aetatis
1295 1191 1437 1232 studia
1470 1191 1653 1231 maxime
1687 1190 1900 1244 convenit,
1930 1189 2079 1230 latinis

387 1269 606 1311 vocabulis
641 1281 767 1321 saepe
806 1280 960 1320 graeca
993 1263 1189 1318 adposita
1227 1276 1337 1315 esse,
1375 1276 1510 1315 neque
1543 1261 1585 1302 id
1624 1276 1672 1302 eo
1706 1261 1884 1302 consilio
1918 1260 2080 1302 factum

387 1340 540 1393 videri,
571 1341 619 1380 ut
652 1338 727 1379 illa
759 1336 859 1391 quid
892 1336 975 1377 sibi
1008 1335 1169 1376 vellent
1200 1333 1267 1373 his
1296 1332 1556 1386 comparatis
1590 1332 1902 1385 ostenderetur,
1935 1330 2008 1372 sed
2034 1333 2082 1371 ut

388 1410 528 1465 graeci
563 1408 772 1450 sermonis
805 1406 983 1448 scientia
1022 1405 1168 1446 oblata
1206 1402 1428 1444 occasione
1467 1405 1795 1457 propagaretur.
1853 1401 1903 1443 cf.
1937 1401 2080 1443 adnot.

387 1482 477 1522 crit.
511 1480 562 1521 ad
593 1495 632 1534 p.
665 1480 732 1532 31,
766 1479 808 1532 6,
842 1478 910 1531 32,
947 1478 1033 1518 1et
1056 1477 1127 1529 17,
1160 1475 1228 1528 37,
1260 1475 1334 1528 27,
1368 1474 1435 1527 38,
1469 1474 1513 1527 2,
1545 1474 1614 1528 46,
1637 1474 1707 1527 11,
1743 1474 1809 1527 72,
1833 1473 1898 1514 14.
1931 1472 2079 1514 eodem

387 1551 574 1606 pertinet
606 1549 719 1604 quod
757 1548 869 1590 haud
908 1547 1054 1601 paucis
1087 1545 1271 1600 Vergilii
1310 1544 1503 1585 versibus
1544 1543 1805 1585 Graecorum
1843 1546 2081 1598 poetarum,

388 1622 566 1663 Homeri
598 1622 642 1662 in
674 1621 842 1675 primis,
876 1618 1038 1659 similes
1071 1617 1155 1658 loci
1188 1616 1340 1669 plene
1374 1614 1580 1668 adscripti
1612 1617 1711 1655 sunt
1744 1612 1814 1669 (cf.
1846 1629 1886 1668 p.
1913 1614 1981 1667 50,
2010 1613 2080 1666 19,

389 1694 456 1747 58,
491 1693 562 1746 13,
595 1692 661 1745 60,
694 1692 738 1745 2,
773 1691 839 1744 77,
869 1690 939 1742 17,
974 1688 1076 1741 112,
1099 1687 1171 1740 16,
1204 1685 1395 1739 589,19,
1429 1684 1526 1738 029,
1547 1685 1572 1725 3
1595 1684 1720 1740 sqq.):
1753 1684 1863 1739 quod
1897 1699 1921 1725 a
1947 1682 2082 1724 Servii

391 1762 697 1804 consuetudine
731 1760 955 1814 abhorret,
987 1759 1059 1813 qui
1092 1771 1349 1812 quamquam
1383 1756 1435 1796 ad
1467 1755 1651 1810 Vergilii
1684 1758 1820 1797 artem
1851 1754 2081 1796 inlustran-

389 1834 486 1874 dam
518 1849 604 1875 non
635 1846 868 1886 numquam
907 1843 1063 1884 graeca
1102 1828 1295 1882 exempla
1334 1829 1658 1880 commemorat,
1696 1826 1826 1866 verba
1864 1825 1958 1878 ipsa
1994 1839 2081 1865 11011

390 1904 498 1944 solet
541 1903 730 1957 proferre
771 1901 840 1957 (cf.
885 1916 923 1955 p.
967 1901 1041 1952 10,
1074 1900 1117 1953 43
1162 1899 1233 1952 18,
1269 1898 1339 1951 18,
1373 1897 1448 1950 24,
1483 1897 1554 1950 18,
1587 1897 1662 1950 47,
1697 1897 1767 1949 15,
1800 1896 1875 1949 -19,
1907 1896 1980 1949 27,
2014 1896 2082 1949 52,

389 1974 463 2027 29,
497 1974 569 2027 85,
603 1972 660 2029 3.)
710 1973 842 2013 etiam
874 1972 918 2013 in
949 1971 1183 2012 latinorum
1217 1967 1475 2021 scriptorum
1508 1967 1713 2021 exemplis
1746 1966 1968 2008 laudandis
1996 1966 2082 2007 alia

389 2047 454 2084 est
486 2044 639 2097 Servii,
684 2043 768 2084 alia
800 2043 1007 2084 Italorum
1041 2041 1213 2082 illorum
1260 2039 1391 2079 ratio:
1436 2038 1510 2079 1116
1554 2038 1685 2092 6111111,
1729 2039 1777 2078 ut
1816 2051 1946 2090 supra
1984 2036 2081 2090 dixi,

390 2116 543 2169 quibus
577 2130 626 2155 ex
658 2114 781 2156 libris
815 2129 863 2155 ea
895 2114 1148 2167 deprompta
1174 2111 1316 2150 essent
1342 2109 1591 2162 plerumque
1617 2123 1704 2150 non
1736 2107 1954 2161 indicavit,
1978 2106 2080 2148 Itali

390 2186 433 2226 in
466 2201 515 2227 ea
546 2201 590 2226 re
624 2186 759 2226 multo
787 2183 1080 2237 diligentiores
1113 2181 1298 2222 fuerunt.
1355 2180 1404 2221 cf.
1438 2195 1475 2233 p.
1497 2180 1564 2233 53,
1591 2180 1646 2220 26
1678 2178 1902 2220 Sallustius
1931 2178 1977 2218 in
2008 2177 2081 2218 Iu-

385 2257 596 2310 you-thino,
629 2272 668 2310 p.
703 2257 776 2309 81,
812 2255 864 2294 14
896 2253 1102 2294 Iloratc'us
1134 2251 1180 2291 vin
1211 2251 1350 2304 epodo,
1382 2265 1419 2303 p.
1452 2250 1551 2304 109,
1587 2250 1639 2290 10
1674 2248 1842 2290 Ovidius
1872 2249 1918 2289 iu
1940 2248 2080 2300 primo

388 2327 772 2380 metamovphoseon,
811 2340 848 2378 p.
881 2324 988 2377 420,
1020 2323 1076 2363 20
1110 2322 1247 2363 (liceo-0
1280 2321 1344 2361 lib.
1377 2321 1423 2361 de
1453 2321 1711 2361 (limitatione.
1769 2318 1931 2361 accedit
1969 2318 2079 2371 quod

390 2398 492 2439 Itali
536 2412 556 2438 6
601 2398 722 2439 libris
762 2412 786 2437 a
818 2394 965 2436 Servio
1008 2392 1216 2447 neglectis
1262 2391 1457 2445 exempla
1499 2391 1761 2445 petiverunt:
1806 2390 1877 2444 qui
1921 2403 2016 2430 cum
2059 2402 2079 2428 e

510 2586 542 2627 1)
571 2583 614 2618 cf.
637 2583 798 2617 Thomas
824 2582 916 2616 essai
950 2593 983 2625 p.
1012 2583 1055 2613 32
1097 2578 1180 2613 ‘Ces
1208 2575 1411 2619 additions,
1446 2586 1513 2621 par
1539 2576 1573 2611 16
1598 2575 1668 2610 fait
1694 2578 1811 2610 nieme
1839 2575 1882 2609 de
1908 2574 1988 2609 leur
2013 2574 2081 2609 ori-

391 2636 475 2681 gine
501 2637 603 2669 n'ont
629 2647 692 2680 pas
720 2635 913 2669 d'etendue
945 2633 1101 2672 arretee,
1135 2631 1172 2663 et
1197 2640 1233 2663 sc
1260 2629 1432 2663 trouvent
1464 2640 1508 2663 en
1535 2628 1769 2673 proportions
1795 2627 1962 2671 inegales
1989 2626 2079 2661 dans

390 2689 443 2723 les
470 2688 700 2722 manuscrits,
746 2688 813 2722 Les
846 2686 1004 2722 editions
1039 2684 1102 2718 ont
1134 2681 1229 2716 snivi
1256 2691 1346 2714 ceux
1373 2681 1434 2724 qui
1461 2694 1505 2715 611
1533 2682 1768 2716 contenaient
1794 2681 1827 2715 16
1854 2680 1937 2724 plus
1963 2679 2080 2724 grand

390 2743 558 2785 1101111116,
597 2742 689 2775 mais
725 2753 815 2776 nous
850 2752 894 2774 116
930 2740 981 2773 les
1016 2748 1130 2771 avons
1166 2746 1231 2779 pas
1258 2735 1396 2776 tontes,
1434 2736 1470 2768 et
1491 2734 1530 2778 je
1556 2736 1686 2768 trouve
1712 2734 1759 2767 ici
1787 2733 1877 2767 dans
1903 2732 1938 2766 le
1965 2731 2079 2766 Paris.

393 2800 481 2830 7965
520 2796 557 2829 ct
591 2795 683 2829 (lans
718 2794 752 2828 16
788 2805 853 2828 ms,
891 2793 936 2827 de
973 2791 1098 2825 Sainte
1132 2787 1338 2822 Genevicvc
1366 2790 1504 2830 (georg.
1532 2788 1546 2820 I
1574 2790 1640 2820 489
1668 2789 1706 2821 et
1731 2786 1780 2820 111
1810 2787 1891 2828 148)
1918 2787 1955 2819 et
1981 2785 2080 2818 aussi

392 2848 482 2882 dans
509 2849 542 2882 16
569 2848 682 2882 Paris.
714 2850 823 2882 16237
853 2847 955 2890 (Aen⁴
982 2844 1067 2878 VIll
1093 2846 1154 2885 28,
1182 2846 1242 2882 32,
1270 2842 1327 2883 44)
1356 2839 1418 2873 des
1446 2841 1550 2873 notes
1584 2840 1621 2873 et
1653 2838 1715 2873 des
1755 2838 2079 2882 rapprochements

393 2902 455 2944 qni
482 2913 526 2935 ne
554 2902 637 2935 sont
661 2911 727 2944 pas
755 2899 846 2933 dans
872 2899 924 2933 les
951 2895 1136 2932 editions’.
1259 2892 1294 2935 2)
1327 2892 1530 2925 cavendum
1558 2893 1614 2926 est
1638 2903 1684 2925 ne
1702 2891 1780 2926 eius
1807 2890 1950 2935 generis
1977 2889 2079 2924 addi-

394 2953 588 2995 tamentis,
616 2951 718 2986 euius
746 2952 830 2986 sunt
856 2962 948 2995 quae
976 2950 1021 2983 ad
1048 2961 1082 2993 p.
1111 2952 1145 2989 9,
1178 2950 1238 2986 22,
1268 2949 1327 2987 10,
1355 2949 1415 2986 24,
1446 2949 1504 2986 13,
1532 2948 1569 2987 8,
1596 2948 1657 2985 24,
1687 2948 1746 2986 10,
1774 2947 1835 2985 26,
1862 2946 1900 2984 4,
1929 2946 1989 2985 39,
2016 2946 2078 2983 21,

393 3010 448 3048 46,
476 3010 494 3039 3
522 3005 716 3050 adscripsi,
743 3004 898 3039 nimium
924 3003 1123 3038 tribuatur:
1151 2998 1283 3042 quibus
1311 2997 1377 3031 etsi
1404 3007 1476 3031 11011
1509 3007 1603 3041 nego
1631 2995 1808 3030 Serviana
1840 2994 1983 3029 scholia
2007 3005 2079 3028 non

392 3059 514 3102 inepte
550 3057 713 3103 suppleri
745 3068 941 3100 eorumque
974 3055 1203 3089 intellectum
1240 3050 1441 3085 faciliorem
1474 3048 1594 3091 reddi,
1627 3049 1750 3082 tamen
1784 3047 1927 3082 omissis
1960 3047 2011 3081 eis
2044 3047 2081 3080 et

393 3112 510 3145 oratio
538 3111 647 3155 plena
675 3112 730 3145 est
756 3112 792 3144 et
819 3109 906 3153 quid
934 3107 1095 3142 voluerit
1119 3102 1383 3151 grammaticus
1410 3101 1649 3145 intellegitur.
