2204 3437
382 155 531 190 XLVIII
1080 161 1364 196 PRAEFATIO.

381 268 446 305 cst
478 264 528 304 de
561 265 776 306 codicibus
810 266 964 320 quibus
992 266 1146 310 Daniel
1171 270 1337 324 primus
1364 286 1465 312 usus
1493 274 1557 312 est
1582 273 1821 314 accuratius
1854 274 2073 330 disserere,

381 335 536 388 quippe
569 350 747 389 quorum
780 336 1020 379 rationibus
1060 340 1265 393 expositis
1298 341 1481 382 multum
1513 342 1620 382 lucis
1653 342 1714 383 eis
1748 344 2069 397 quaestionibus

380 405 607 447 adferatur.

202 495 348 520 menimis
499 502 640 554 Atque
673 502 879 555 plenioris
911 503 956 543 in
988 503 1174 556 primum
1208 508 1250 545 et
1282 506 1514 547 secundum
1537 507 1750 548 Aeneidos
1777 508 1935 549 librum
1962 523 2071 551 com-

167 531 371 556 commentarii

166 566 573 627 ssffffjuff'fgssg-mentarii
613 572 693 612 duo
737 573 904 614 codices
950 576 1117 615 extant:
1165 574 1498 631 Cassellanus
1545 575 1640 630 (ms.
1679 580 1792 631 poet.
1831 577 1904 620 fol.
1944 579 1988 633 6)
2028 584 2071 622 et

193 637 334 662 ³³³¹¹³¹¹³¹¹⁸·
377 640 641 682 Parisinus
685 643 809 683 1750.
870 644 942 684 ille
988 646 1158 687 saeculo
1203 661 1316 687 nono
1364 650 1543 687 exeunte
1583 647 1648 688 vel
1693 647 1866 689 ineunte
1905 649 2067 691 decimo

374 710 415 750 in
451 709 545 751 CIX
577 713 838 754 membranis
871 714 1032 756 formae
1074 717 1325 770 quadratae,
1364 717 1437 758 sed
1474 718 1649 758 maioris
1682 733 1908 759 mensurae
1942 720 2069 774 scrip-

374 784 442 822 tus
476 786 552 823 est.
603 783 798 837 singulae
830 785 1014 839 paginae
1053 787 1238 828 tricenos
1278 788 1472 842 singulos
1511 803 1659 829 versus
1697 789 1868 830 habent.
1923 790 2067 843 plures

374 851 573 893 librarios
607 855 754 895 eodem
786 858 978 910 tempore
1015 857 1059 897 in
1098 858 1238 899 codice
1278 859 1500 900 scribendo
1541 862 1770 912 occupatos
1808 860 1942 902 fuisse
1982 876 2067 902 non

373 922 513 963 solum
551 923 792 966 litterarum
830 927 1195 982 dissimilitudine,
1241 929 1313 969 sed
1347 929 1477 970 etiam
1511 945 1559 970 ea
1590 944 1636 970 re
1675 930 1914 972 ostenditur
1953 931 2067 985 quod

373 994 555 1047 septimo
590 997 876 1049 quaternioni,
910 1013 1005 1039 cum
1037 998 1165 1051 primi
1198 999 1297 1040 libri
1330 1002 1566 1041 extremam
1598 1004 1765 1054 partem
1802 1015 1888 1042 non
1925 1004 2064 1043 totam

372 1064 570 1118 cepisset,
602 1070 689 1106 tres
727 1069 1002 1109 membranae
1042 1069 1211 1110 additae
1249 1073 1388 1123 erant,
1427 1074 1469 1111 et
1507 1074 1722 1112 extremae
1761 1071 1925 1125 aliquot
1963 1088 2064 1126 qua-

370 1135 612 1177 ternionum
650 1139 833 1190 paginae
874 1142 947 1179 aut
978 1154 1137 1180 vacuae
1170 1140 1364 1194 relictae,
1396 1141 1529 1181 veluti
1563 1141 1706 1195 quarti
1732 1141 1883 1182 decimi
1916 1145 1958 1183 et
1989 1157 2064 1184 un-

371 1204 632 1260 devicesimi,
666 1212 757 1262 aut,
796 1210 927 1250 veluti
961 1210 1150 1265 septimi,
1183 1211 1339 1252 litteris
1372 1212 1618 1253 distractius
1652 1212 1837 1252 exaratis
1870 1212 2062 1267 insignes

369 1279 480 1317 sunt.
532 1277 759 1318 verborum
786 1279 1005 1321 distinctio
1027 1295 1152 1334 saepe
1180 1284 1255 1322 aut
1286 1281 1406 1322 nulla
1439 1284 1504 1322 est
1530 1285 1604 1322 aut
1636 1282 1761 1323 falsa.
1810 1283 2063 1325 lemmatum

368 1346 491 1387 initia
529 1348 845 1402 grandiusculis
884 1350 1041 1391 litteris
1080 1350 1267 1392 indicata
1305 1354 1416 1394 sunt.
1472 1353 1616 1406 plures
1656 1355 1916 1394 correctores
1956 1353 2066 1395 liber

368 1421 568 1470 expertus
602 1422 682 1472 est,
717 1434 738 1460 e
772 1420 925 1473 quibus
960 1435 1055 1461 eum
1095 1422 1167 1475 qui
1202 1437 1251 1462 ex
1291 1423 1525 1476 archetypo
1563 1422 1835 1477 plerumque,
1867 1427 1915 1464 ut
1954 1424 2065 1465 vide—

366 1491 452 1541 tur,
485 1488 613 1542 primi
645 1490 810 1530 librarii
844 1505 1006 1532 errores
1042 1492 1234 1545 sustulit,
1273 1490 1324 1533 C²
1357 1492 1460 1544 dixi,
1494 1492 1626 1533 alium
1660 1494 1731 1547 qui
1765 1494 1934 1535 saeculo
1967 1494 2060 1536 XV.

367 1558 533 1611 vulgati
572 1559 751 1600 alicuius
790 1560 890 1601 libri
929 1561 1164 1614 scripturas
1203 1562 1367 1603 invexit
1406 1560 1467 1602 0³.
1518 1563 1629 1603 idem
1670 1563 1842 1618 signum
1883 1564 2063 1618 adposui

366 1629 677 1671 mutationibus
711 1631 967 1684 quibusdam
998 1632 1043 1672 in
1075 1632 1239 1673 scholio
1274 1633 1326 1672 ad
1360 1632 1466 1675 Aen.
1491 1632 1510 1672 I
1538 1634 1622 1674 393
1651 1634 1703 1674 ab
1736 1634 1911 1675 homine
1943 1635 2062 1676 tertii

365 1698 532 1750 decimi,
566 1703 612 1741 ut
644 1701 829 1755 videtur,
862 1702 1022 1743 saeculi
1060 1702 1197 1743 factis.
1249 1705 1402 1756 quarta
1440 1718 1612 1755 manus,
1651 1705 1881 1746 atramenti
1913 1704 2061 1758 vigore

364 1771 610 1824 conspicua,
642 1772 685 1812 in
711 1772 1022 1825 posterioribus
1056 1772 1178 1813 libris
1210 1772 1373 1814 leviora
1406 1776 1549 1815 errata
1581 1775 1776 1816 correxit.

481 1864 738 1907 Continebat
771 1866 874 1907 olim
906 1866 974 1907 liic
1007 1867 1137 1908 codex
1170 1867 1212 1908 in
1240 1882 1311 1908 sex
1338 1867 1502 1921 priores
1538 1866 1750 1909 Aeneidos
1783 1868 1917 1910 libros
1945 1883 2057 1910 com-

362 1939 523 1989 menta,
556 1937 627 1977 sed
659 1937 787 1990 primi
819 1939 987 1978 tantum
1027 1940 1069 1978 et
1108 1937 1281 1978 secundi
1315 1937 1415 1978 libri
1447 1938 1634 1991 vulgatis
1668 1938 1891 1992 ampliora.
1941 1943 2055 1993 post-

362 2022 489 2059 quam
523 2022 546 2047 a
580 2006 779 2061 Scioppio
813 2007 1009 2048 conlatus
1043 2010 1107 2048 est
1143 2022 1346 2063 magnam
1385 2007 1595 2049 iacturam
1633 2008 1746 2049 fecit.
1802 2009 2057 2050 interierunt

362 2077 473 2117 enim
507 2080 603 2118 octo
637 2077 937 2131 quaterniones
975 2078 1133 2133 integri
1167 2078 1227 2132 (II
1264 2078 1325 2119 IV
1362 2078 1423 2118 IX
1461 2078 1544 2119 XII
1575 2078 1657 2119 XV
1688 2079 1790 2120 XVI
1828 2079 1975 2120 XVIII
2014 2083 2056 2120 et

360 2147 459 2187 libri
493 2148 618 2202 sexti,
651 2149 760 2189 unde
787 2149 1105 2202 redintegratur
1132 2149 1462 2202 quaternionum
1490 2149 1793 2202 dinumeratio,
1825 2148 1905 2204 II),
1936 2164 2055 2203 prae-

360 2222 477 2258 terea
516 2221 603 2259 tres
644 2219 916 2260 membranae
954 2219 1136 2273 septimo
1176 2220 1446 2274 quaternioni
1487 2219 1675 2275 additae⁷
1714 2220 1926 2261 undecimi
1964 2223 2052 2261 tres

359 2289 631 2330 membranae
677 2290 952 2344 posteriores,
999 2305 1070 2332 sex
1108 2291 1272 2344 priores
1318 2290 1638 2345 undevicesimi,
1685 2290 1828 2344 quarti
1874 2291 2051 2332 alterius

358 2359 517 2399 ordinis
550 2360 657 2401 duae
689 2361 959 2414 posteriores.

474 2453 621 2494 Vitam
653 2453 836 2508 Vergilii
874 2454 1003 2508 primi
1041 2454 1141 2495 libri
1174 2455 1483 2496 commentario
1525 2455 1568 2495 in
1607 2455 1794 2509 vulgatis
1833 2455 2048 2497 codicibus

355 2524 633 2577 praemissam
676 2524 948 2566 Cassellanus
997 2540 1082 2566 non
1137 2525 1286 2578 habet3
1334 2525 1485 2579 incipit
1538 2525 1651 2566 enim
1700 2526 1751 2566 ab
1809 2525 1874 2566 his
1922 2538 2048 2567 ARMA

355 2607 591 2644 VIRVMQVE
645 2606 764 2636 CANo
815 2608 871 2636 ΕΤ
922 2608 968 2636 IN
1027 2607 1238 2637 SECVNDO
1295 2607 1433 2636 LIBRO
1491 2606 1686 2643 ALIQVOS
1743 2607 1914 2637 VERSVS
1971 2609 2045 2638 1³0-

354 2677 544 2707 SVERAT.
595 2680 701 2719 quae
735 2667 846 2720 quod
873 2666 1118 2708 maiusculis
1156 2666 1314 2707 litteris
1351 2666 1509 2719 scripta
1545 2668 1662 2720 sunt,
1698 2666 1794 2707 inde
1831 2666 2044 2721 Bergkius

355 2738 465 2776 recte
499 2735 634 2776 effecit
667 2751 742 2788 pro
782 2736 953 2777 exordio
993 2736 1288 2778 commentarii
1327 2751 1376 2778 ea
1414 2736 1564 2777 habita
1606 2751 1708 2777 esse.
1765 2736 1808 2776 in
1846 2737 2042 2791 margine

355 2806 424 2846 l'ol.
467 2805 506 2845 Ia
555 2805 712 2859 legitur
762 2818 850 2847 121ss.
896 2819 1130 2864 AENEIDQ,
1177 2807 1289 2860 quod
1333 2807 1443 2847 idem
1489 2807 1553 2847 vir
1603 2807 1752 2848 doctus
1798 2807 1877 2848 hoc
1915 2808 2041 2849 modo

353 2876 567 2929 supplevit
607 2888 696 2917 Llss.
737 2889 750 2917 1
793 2888 1034 2918 AENEIDOS.
1107 2877 1205 2918 libri
1244 2877 1386 2930 quarti
1431 2877 1739 2918 commentario
1789 2877 1893 2918 haec
1943 2878 2039 2919 sub-

352 2946 511 2998 scripta
550 2950 649 2987 sunt
687 2959 722 2987 r.
762 2958 886 2988 VIRG.
941 2959 1113 2989 MARON.
1158 2959 1298 2989 coium.
1343 2938 1489 2989 Am}
1526 2937 1619 2988 ᾗ
1657 2959 1738 2988 1111.
1782 2959 1914 2988 EXPL.
1946 2936 2039 2990 I-N—C.

350 3027 435 3055 Lm.
480 3028 523 3066 v,
555 3017 664 3057 libro
707 3017 855 3071 quinto
900 3030 936 3058 r.
985 3021 1141 3059 vineit
1194 3029 1394 3059 MAuole
1440 3008 1769 3059 commn'ronif
1805 3029 2036 3059 AENEIDos

350 3097 485 3125 lezlt
536 3099 559 3125 v
601 3099 827 3127 1⁴:xr1,1(>1'r.
884 3099 1055 3128 lxcirrr
1096 3100 1229 3130 LIBER
1264 3099 1322 3128 v1.
1379 3087 1507 3128 tertio
1541 3088 1649 3129 libro
1682 3087 1787 3128 nihil
1823 3088 2034 3142 subscrip-
