2204 3437
578 205 726 241 COMM.
754 206 805 240 IN
831 203 972 238 VEB-G.
1001 202 1111 236 AEN.
1138 202 1198 237 IV.
1227 205 1422 236 675-689.
1756 199 1836 238 55³1

153 332 324 373 aquam:
358 318 432 357 aut
464 314 619 368 ‘date'‚
651 314 692 355 id
725 316 791 356 est
821 312 1070 368 permittite.
1132 311 1276 351 lavare
1316 312 1457 350 autem
1498 309 1704 350 cadavera
1736 308 1840 349 satis

150 387 357 443 proximis
390 386 716 429 concedebatur:
749 384 858 426 unde
892 382 1085 438 queritur
1116 383 1253 422 mater
1283 380 1462 435 Euryali
1494 379 1583 432 <IX
1615 378 1728 432 485>
1754 392 1842 418 nec

152 459 369 501 vulnera
401 458 507 498 lavi
539 460 679 498 veste
717 458 908 510 tegens.
969 467 1067 495 sane
1097 453 1138 493 in
1172 453 1300 494 sacris
1324 465 1436 504 pura
1466 452 1583 492 vestis
1615 450 1844 503 appellatur

151 544 253 583 quae
282 543 406 582 neque
434 529 598 581 funesta
629 528 693 577 sit,
725 541 849 580 neque
879 526 1082 567 maculam
1119 523 1263 564 habeat
1298 537 1345 563 ex
1381 522 1541 563 homine
1572 525 1740 562 mortuo.
1802 521 1847 561 id

150 601 222 644 hoc
254 602 334 643 loco
366 599 677 653 conprehensum
707 599 836 651 accipi
858 600 999 650 potest,
1031 609 1121 637 cum
1153 594 1264 636 Dido
1305 595 1509 635 inducitur
1546 593 1732 634 habuisse
1768 592 1843 632 cri-

151 687 242 714 nem
280 674 502 722 sacratum,
542 684 618 723 quo
658 669 837 710 videlicet
872 667 1023 709 absciso
1054 669 1189 720 posset
1223 666 1311 707 sine
1347 665 1529 705 cruciatu
1565 665 1692 705 mori:
1723 663 1845 716 prius

154 747 287 785 tamen
324 742 451 783 voluit
486 741 599 782 ablui
636 753 815 781 cruorem
853 753 942 780 cum
982 738 1043 778 ait
1084 736 1195 778 ‘date
1230 736 1399 778 vulnera
1438 735 1611 789 lymphis
1647 733 1846 775 abluam'.

145 815 310 868 plenius
343 817 476 855 tamen*
509 812 622 864 infra
659 812 720 852 ait
751 810 1127 862 ‘semianimemque
1157 809 1253 850 sinu
1280 806 1540 861 yermanam'
1573 820 1695 860 usque
1727 806 1847 848 ‘veste

152 884 366 934 oruo'rem’,
398 887 443 925 ut
474 887 683 935 tamquam
714 883 759 922 vin
789 884 889 922 veste
916 894 1025 934 pura
1064 880 1237 933 leyitimo
1277 880 1361 920 ritu
1398 879 1520 919 morti
1556 879 1654 918 data
1691 877 1846 918 habere-

154 959 231 1009 tur,
262 969 364 1008 quae
394 955 501 1008 quod
528 956 735 995 sacratum
766 953 917 994 crinem
948 951 1149 1004 habuerit,
1179 951 1285 991 vitae
1313 950 1442 1002 fuerit
1478 950 1705 990 inmorata:
1749 962 1848 990 nam

154 1026 319 1068 subiecit
349 1029 440 1079 apte
470 1039 517 1067 er
546 1038 725 1079 persona
763 1023 895 1066 Iridis
938 1022 1081 1076 <702>
1115 1022 1241 1063 ‘hune
1283 1035 1350 1075 eqo
1393 1020 1490 1062 Diti
1531 1034 1693 1062 sacrum
1735 1021 1849 1062 iussa

151 1098 238 1150 fero
270 1101 380 1151 teque
410 1098 485 1139 isto
516 1110 677 1149 corpore
706 1096 813 1137 solvo
825 1094 849 1137 ⁵.

270 1168 366 1210 685.
418 1180 508 1210 ORE
542 1178 701 1209 LEGAM
740 1165 1006 1215 muliebriter,
1052 1168 1259 1217 tamquam
1297 1164 1432 1217 possit
1472 1164 1658 1204 animam
1700 1164 1851 1204 sororis

153 1241 329 1293 excipere
360 1242 396 1280 et
425 1240 470 1280 in
501 1252 541 1280 se
574 1237 805 1290 transferre.
869 1237 929 1278 sic
962 1234 1110 1278 Cicero
1151 1235 1194 1276 in
1226 1234 1422 1275 Verrinis
1462 1234 1533 1288 <II
1565 1234 1603 1288 5,
1635 1233 1703 1288 45,
1739 1234 1849 1287 118>

154 1315 209 1353 ut
251 1313 530 1352 extremum
574 1309 808 1351 filiorum
850 1308 1091 1363 spiritum
1133 1321 1217 1348 ore
1260 1306 1496 1360 excipere
1539 1305 1733 1347 liceret.

156 1394 339 1425 GRADVS
372 1393 613 1424 EVASERAT
652 1392 798 1422 ALTOS
836 1380 881 1421 id
916 1382 973 1421 est
1009 1377 1274 1431 ascenderat,
1318 1377 1413 1432 rogi
1445 1377 1628 1431 scilicet,
1665 1376 1737 1431 qui
1774 1391 1850 1430 pro

157 1454 365 1510 qualitate
404 1453 671 1495 fortunarum
709 1451 889 1492 fiebant:
930 1449 1041 1491 unde
1082 1449 1125 1490 in
1167 1451 1287 1490 sexto
1320 1448 1462 1502 <178>
1504 1448 1565 1489 ait
1606 1447 1852 1502 caeloque

156 1525 369 1567 educere
402 1526 617 1566 certant.
679 1526 752 1564 aut
781 1523 880 1576 quia
912 1522 1000 1563 lecti
1030 1521 1294 1573 antiquorum
1331 1520 1407 1561 alti
1443 1522 1559 1560 erant
1596 1526 1630 1560 et
1655 1519 1853 1572 gradibus

155 1597 483 1650 ascendebantur,
515 1595 659 1648 quibus
688 1594 890 1647 superatis
921 1592 1050 1634 Anna
1081 1591 1336 1644 amplectitur
1367 1604 1554 1632 sororem.

275 1668 371 1710 686.
422 1684 605 1709 AMPLEXA
638 1683 816 1708 FOVEBAT
843 1665 937 1706 bene
967 1677 1047 1705 non
1082 1661 1236 1715 ‘fovit',
1267 1662 1337 1704 sed
1374 1660 1582 1714 ‘fovebat',
1620 1664 1667 1702 ut
1706 1662 1748 1702 id
1782 1661 1853 1702 diu

154 1740 310 1793 factum
343 1739 571 1781 ostenderet.

276 1812 371 1853 687.
430 1810 628 1862 srccABAr]
650 1807 910 1868 >exprimebat
950 1807 1010 1848 vel
1052 1805 1256 1855 abluebat,
1298 1807 1345 1846 ut
1382 1803 1450 1857 <X
1490 1803 1601 1857 834>
1645 1803 1855 1845 vulnera

157 1883 375 1926 sicca-bat
417 1881 636 1936 lymphis.
716 1894 770 1921 an
814 1893 933 1921 suam
976 1880 1118 1919 vestem
1165 1877 1325 1918 vulneri
1367 1875 1547 1917 Didonis
1592 1875 1855 1916 intersertam·

160 1965 368 1996 CRUORES
402 1953 666 2008 ursurpavit:
700 1967 799 1992 nam
830 1965 907 1992 nec
940 1947 1218 2004 ‘sanguines'
1252 1947 1431 1988 dicimus
1470 1960 1646 1987 numero
1685 1945 1856 2000 plurali,

158 2040 235 2068 nec
270 2025 490 2067 ε01·1101·66’θ
552 2022 783 2065 ‘siccabat'
817 2024 958 2064 autem
992 2020 1268 2076 exprimebat.

278 2097 374 2139 689.
425 2108 507 2138 SVB
541 2106 749 2137 PECTORE
782 2108 894 2135 nunc
925 2107 1001 2147 per
1033 2091 1263 2133 transitum
1296 2090 1399 2131 dicit
1430 2088 1617 2130 vulneris
1650 2088 1802 2129 locum.

256 2195 275 2225 3
305 2201 390 2225 sane
419 2216 426 2223 .
455 2218 461 2224 .
490 2217 496 2223 .
524 2188 687 2233 mortuo]
715 2187 760 2223 cf.
786 2187 890 2222 Paul.
918 2185 1018 2221 Festi
1044 2197 1070 2221 s.
1097 2198 1131 2219 v.
1160 2184 1269 2229 ‘pura
1294 2182 1529 2217 vestimenta’

257 2278 273 2308 1
302 2272 408 2318 satis]
437 2272 523 2306 solis
551 2271 593 2305 G.
618 2271 763 2305 Vossius
800 2272 880 2305 satu
907 2269 953 2304 F.
970 2269 1166 2303 Schoellius
1206 2266 1375 2311 cognatis
1401 2266 1439 2299 et
1464 2263 1639 2309 proximis
1666 2264 1757 2297 coni.
1777 2263 1855 2296 Ha-

162 2332 274 2366 yenus
298 2322 310 2366 ΙΙ
338 2325 358 2355 2
386 2318 680 2354 concedebantur
707 2318 745 2352 F
767 2319 779 2362 ΙΙ
810 2319 928 2351 mater
954 2327 1018 2351 om.
1047 2315 1077 2350 C
1099 2317 1111 2360 ΙΙ
1142 2319 1161 2349 3
1188 2314 1226 2348 111
1252 2313 1363 2348 630116
1390 2323 1482 2357 pura
1506 2311 1622 2346 uestis
1648 2310 1858 2355 appellatur

168 2397 175 2404 .
203 2396 209 2403 .
238 2395 244 2402 .
272 2369 381 2410 teque
408 2367 479 2401 isto
504 2377 658 2411 corpore
684 2366 787 2400 soluo
818 2366 860 2399 in
884 2375 997 2406 marq.
1023 2373 1101 2408 sup.
1132 2362 1165 2396 T
1198 2363 1210 2406 ΙΙ
1247 2360 1444 2406 appelatur
1470 2359 1508 2393 F
1542 2361 1554 2403 ΙΙ
1591 2363 1610 2392 6
1638 2357 1780 2392 31160160
1810 2357 1857 2390 Τ.·

164 2415 289 2450 abscio
318 2414 357 2449 F
392 2413 554 2449 abscisso
580 2413 717 2448 Daniel
752 2414 764 2457 ΙΙ
800 2413 927 2457 posset
957 2411 1001 2446 T:
1033 2410 1151 2455 possit
1177 2409 1216 2443 F
1249 2410 1261 2453 ΙΙ
1305 2413 1323 2443 7
1351 2407 1502 2452 limphis
1527 2406 1566 2440 F
1599 2405 1762 2449 limphys
1792 2404 1823 2437 T
1846 2403 1858 2447 lf

165 2467 186 2498 8
214 2462 333 2497 sinum
360 2461 398 2495 F
441 2461 561 2495 sinum
587 2472 630 2495 ea:
656 2460 801 2523 signffm
830 2460 861 2493 T
896 2460 908 2503 ΙΙ
951 2463 970 2493 9
997 2457 1165 2501 legitimo
1197 2456 1269 2490 ritu
1302 2456 1420 2489 morte
1451 2455 1482 2487 T
1524 2452 1774 2497 legitimorum
1800 2453 1855 2485 tu-

164 2511 283 2545 morte
309 2509 348 2543 F
388 2508 556 2553 legitimo
589 2509 737 2552 sumptu
768 2509 886 2542 morte
919 2506 1054 2540 Daniel
1098 2504 1266 2550 legitimo
1300 2504 1449 2545 sumptu
1480 2500 1590 2535 morti
1619 2500 1822 2534 Masoz'eius
1847 2498 1857 2544 11

169 2561 211 2592 10
238 2567 332 2601 quae
359 2556 458 2601 quod
488 2556 533 2590 T:
559 2567 581 2600 q
602 2555 698 2600 quod
719 2566 762 2589 eoe
782 2567 804 2599 q
824 2553 921 2597 quad
942 2554 981 2588 F
1016 2552 1115 2597 quod
1141 2562 1235 2596 quae
1256 2551 1392 2584 Daniel
1431 2548 1600 2593 quodque
1624 2547 1828 2581 Masvicius
1856 2545 1857 2589 1

167 2609 206 2640 11
235 2603 342 2639 Iridis
368 2604 525 2639 Daniel:
552 2603 622 2637 diis
650 2602 690 2637 F
723 2602 787 2637 iris
812 2602 844 2636 T
858 2602 869 2647 ΙΙ
891 2605 932 2636 13
959 2599 1092 2646 Luem]
1120 2599 1157 2633 id
1182 2600 1239 2633 est
1264 2597 1445 2642 excipiam
1472 2596 1555 2630 add.
1577 2595 1672 2629 Lion
1691 2595 1702 2638 ΙΙ
1722 2594 1770 2628 ad
1796 2604 1856 2628 ore

164 2652 287 2698 legam
312 2652 354 2686 in
378 2662 490 2695 mary.
517 2649 748 2685 muliebriter
774 2649 865 2684 dicit
889 2650 1079 2693 tamquam
1112 2645 1230 2692 possit
1261 2645 1392 2680 sororis
1425 2643 1595 2688 spiritum
1628 2641 1794 2685 excipere
1821 2641 1858 2674 et

165 2699 203 2734 in
229 2710 267 2733 se
292 2698 491 2733 transferre
522 2697 829 2742 Τ11111111161111161·
856 2724 862 2731 .
884 2726 890 2732 .
914 2725 921 2731 .
948 2695 1144 2730 transferre
1170 2695 1238 2728 hue
1264 2692 1489 2736 transposuit
1515 2690 1669 2731 Daniel,
1691 2691 1773 2732 post
1799 2699 1856 2722 ex—

165 2748 325 2781 tremum
350 2746 429 2780 hab.
453 2745 519 2790 Fu
542 2750 583 2779 14
610 2745 661 2779 sic
688 2756 751 2779 om.
769 2744 808 2778 F
824 2745 835 2788 ΙΙ
858 2742 967 2778 15·ut
991 2742 1148 2777 filiorum
1176 2751 1324 2775 suorum
1350 2740 1575 2784 postremum
1602 2736 1770 2781 spiritum
1797 2745 1857 2769 ore

166 2793 333 2838 excipere
361 2793 490 2827 liceret
517 2791 637 2826 Cicero
661 2793 673 2836 ΙΙ
707 2796 748 2826 16
777 2791 941 2825 ascendit
970 2791 1016 2824 M
1039 2792 1050 2834 ΙΙ
1081 2788 1160 2833 rogi
1187 2787 1342 2831 scilicet]
1371 2787 1435 2820 aut
1460 2784 1558 2829 rogis
1586 2783 1646 2827 qui
1673 2783 1762 2817 licet
1787 2782 1826 2816 F
1847 2781 1859 2826 Η

169 2845 210 2875 17
237 2841 352 2875 fiebat
375 2841 480 2884 vulyo
499 2840 511 2883 ΙΙ
531 2839 585 2874 311
609 2850 674 2874 om.
691 2839 739 2873 M
753 2840 764 2883 ΙΙ
786 2842 828 2873 18
849 2839 955 2872 erunt
975 2837 1022 2879 F,
1048 2848 1136 2871 corr.
1157 2835 1293 2869 Daniel
1311 2836 1323 2878 ΙΙ
1342 2837 1385 2868 20
1407 2833 1455 2866 ad
1474 2831 1626 2866 fovebat
1650 2841 1748 2873 supr.
1769 2839 1856 2863 vers

167 2888 238 2922 11οο
264 2887 356 2922 dicit
381 2890 421 2921 ut
448 2885 623 2921 ostendat
648 2885 710 2920 diu
729 2886 867 2920 factum
887 2885 918 2918 T
934 2886 946 2929 ΙΙ
964 2884 1072 2929 fovit]
1094 2883 1165 2918 fuit
1184 2882 1232 2923 F,
1258 2892 1347 2916 corr.
1361 2880 1497 2914 Daniel
1515 2880 1526 2923 ΙΙ
1546 2877 1608 2912 difi
1630 2877 1668 2912 F
1684 2879 1696 2922 ΙΙ
1715 2881 1757 2911 22
1779 2890 1859 2910 cuv-

170 2947 254 2969 om-:s
281 2934 511 2979 exprimebat
537 2963 543 2969 .
567 2962 574 2968 .
597 2960 602 2966 .
630 2933 806 2968 infectam
831 2932 1025 2977 usurpauit
1051 2942 1076 2965 e.
1104 2943 1134 2975 q.
1161 2940 1186 2965 S.
1216 2929 1253 2962 F
1269 2930 1281 2973 ΙΙ
1301 2929 1348 2962 ad
1373 2926 1536 2961 siccabat
1560 2935 1659 2970 supr.
1685 2935 1773 2958 vers.
1801 2934 1858 2958 ex-

169 2982 354 3026 primebat
378 2981 437 3016 uel
464 2981 641 3015 abluebat
665 2980 725 3014 uel
752 2979 962 3015 exsiccabat
992 2978 1141 3023 limphis
1175 2988 1277 3010 suam
1312 2976 1413 3009 ueste
1441 2974 1519 3017 (sic)
1545 2971 1688 3006 uulneri
1715 2970 1859 3005 didonis

169 3029 406 3063 intersectam
438 3029 469 3062 T
489 3030 501 3073 ΙΙ
532 3027 722 3071 abluebat]
751 3027 912 3062 aliaebat
938 3027 977 3061 F
1012 3025 1175 3060 alluebat
1203 3023 1336 3057 Daniel
1360 3024 1371 3065 ΙΙ
1402 3025 1445 3055 23
1473 3019 1615 3054 sicabat
1640 3018 1763 3063 limpis
1790 3017 1828 3052 F
1850 3017 1861 3063 ΙΙ

169 3076 321 3110 vulnere
347 3076 483 3110 Daniel
501 3077 513 3120 ΙΙ
532 3075 765 3109 intersertam
792 3075 939 3118 scripsi:
965 3072 1200 3108 interfectam
1229 3069 1266 3104 F
1301 3069 1478 3103 infectam
1505 3067 1640 3101 Daniel
1658 3067 1670 3110 ΙΙ
1690 3069 1734 3100 24
1760 3077 1858 3099 116111·-

169 3122 290 3169 pavit]
317 3124 533 3168 usurpatum
560 3124 614 3156 est
639 3123 766 3156 contra
791 3123 908 3156 artem
937 3122 984 3155 M
1019 3131 1103 3154 nam
1133 3147 1137 3151 .
1161 3147 1168 3153 .
1191 3146 1197 3152 .
1225 3126 1370 3151 cruores
1395 3116 1558 3149 omittens
1577 3115 1589 3158 ΙΙ
1608 3112 1766 3147 diximus
1794 3112 1835 3146 H
1850 3112 1861 3157 Η

174 3174 218 3206 26
243 3181 340 3205 1111110
367 3169 505 3205 LMn:
531 3180 616 3204 nam
643 3169 745 3211 NH,
771 3180 835 3204 om.
864 3166 1091 3213 Foudicit]
1119 3165 1257 3200 dictum
1285 3163 1359 3198 FC

1871 603 1890 633 5

1877 958 1917 988 10

1881 1312 1920 1343 15

1880 1667 1923 1698 20

1881 2024 1925 2054 25
