2204 3437
406 147 491 189 390
1171 145 1328 180 SERVII

405 256 597 297 netivum
617 256 799 309 figurate
819 254 1006 308 ponitur.
1049 253 1279 295 Sallustius
1312 254 1366 294 ut
1397 252 1538 307 prius
1572 267 1717 306 quam
1749 253 1950 308 legatos
1984 267 2098 294 con-

407 327 609 368 veniret
641 325 953 367 Adherbalis
986 325 1258 379 potiretur.
1296 324 1478 379 legimus
1512 326 1555 364 et
1586 338 1661 378 per
1693 324 1992 378 accusativum,
2025 323 2097 365 sed

407 398 471 438 uti
502 412 588 439 non
619 411 863 450 possumus:
896 395 1120 437 Terentius
1153 395 1326 449 patria
1356 394 1558 448 potitur
1593 394 1861 435 commoda.

525 468 622 509 279.
672 477 1044 516 LVSTRAMVRQVE
1075 478 1171 507 IOVI
1205 468 1278 506 aut
1305 463 1594 515 elustramur',
1626 465 1666 505 id
1694 467 1759 506 est
1783 479 2028 520 purgamur,
2053 468 2100 506 ut

408 538 500 579 Iovi
540 552 660 579 sacra
698 537 923 591 faciamus3
970 538 1045 577 aut
1083 539 1195 577 certe
1235 535 1491 576 ‘lustramur
1522 533 1650 588 Iovi',
1694 535 1737 576 id
1771 539 1836 576 est
1869 536 2098 590 expiamur.

407 609 624 663 piaculum
664 608 776 649 enim
815 608 1092 650 commissum
1129 608 1271 649 fuerat
1308 610 1432 648 tauro
1471 606 1517 647 in
1554 606 1736 647 Thracia
1767 606 2009 660 immolato,
2053 610 2101 649 ut

408 679 591 720 diximus
625 694 754 733 supra
787 679 918 733 <21>‚
952 681 995 720 et
1026 679 1128 720 licet
1159 678 1299 719 multa
1330 677 1513 718 fuissent
1545 679 1689 718 secuta
1722 677 1948 732 sacrificia,
1979 678 2101 719 intel-

408 750 635 803 legebatur
684 752 828 791 tamen
879 749 1016 790 adhuc
1065 764 1223 791 numen
1274 749 1432 789 iratum
1482 762 1568 789 non
1620 747 1912 789 desinentibus
1964 749 2100 790 malis.

410 820 627 862 sciendum
660 835 762 861 sane
794 820 925 861 moris
951 820 1094 874 fuisse,
1126 822 1174 861 ut
1200 820 1369 874 piaculo
1398 819 1627 860 commisso
1653 818 1744 859 ludi
1771 818 2103 860 celebrarentur:

342 898 384 928 10
412 907 512 933 nam
555 906 649 932 cum
681 891 865 932 Romani
906 890 1128 932 iracundia
1169 890 1319 931 matris
1363 889 1485 931 deum
1528 889 1774 930 laborarent
1814 890 1856 929 et
1895 903 1988 930 eam
2025 904 2103 931 nec

410 962 628 1004 sacrificiis
670 976 747 1003 nec
788 961 898 1002 ludis
940 961 1111 1015 placare
1153 963 1346 1015 possent,
1391 960 1566 1015 quidam
1607 974 1735 1000 senex
1777 959 1953 1001 statutis
1991 960 2102 1001 ludis

410 1033 670 1074 circensibus
705 1032 890 1086 saltavit,
924 1047 1031 1086 quae
1065 1032 1158 1073 sola
1184 1032 1266 1073 fuit
1292 1046 1420 1073 causa
1444 1030 1720 1085 placationis:
1753 1030 1863 1071 unde
1890 1032 1933 1071 et
1956 1033 2104 1072 natum

409 1104 683 1158 proverbium
726 1106 792 1144 est
833 1104 1000 1145 omnia
1042 1103 1280 1156 secunda,
1321 1103 1480 1144 saltat
1522 1116 1685 1143 senex.
1752 1102 1937 1154 quamvis
1968 1102 2038 1143 hoc
2069 1106 2106 1144 et

411 1174 492 1215 alio
524 1175 663 1215 ordine
693 1177 730 1215 et
759 1175 845 1215 alia
877 1189 924 1216 cx
955 1188 1079 1216 cansa
1110 1176 1310 1214 narratur
1341 1175 1367 1225 †
1386 1173 1565 1213 sttotian.
1612 1176 1686 1213 aab
1710 1171 1959 1214 ‘lustrantur
1977 1172 2069 1214 Iovi
2080 1171 2106 1227 ⁹,

341 1252 383 1282 15
410 1246 507 1298 qnia
538 1259 663 1297 snpra
697 1245 838 1298 <222>
871 1246 1034 1286 dixerat
1075 1245 1325 1297 ipsumque
1367 1256 1592 1284 vocamus
1634 1244 1689 1284 in
1726 1246 1919 1296 partem
1955 1257 2105 1296 prae—

410 1317 610 1368 damque
641 1315 800 1357 Iovem
831 1319 868 1357 et
889 1319 1031 1368 postea
1054 1329 1189 1368 poena
1219 1314 1491 1368 lzmpyi'mwn
1521 1317 1654 1355 secata
1679 1317 1756 1355 est:
1788 1328 1878 1367 erqo
1910 1316 2131 1367 qnoniam-

410 1401 491 1428 non
523 1387 578 1427 ad
607 1387 761 1427 iustum
791 1387 1040 1439 sacrificium
1071 1385 1208 1426 Iovem
1246 1385 1536 1434 invocaverint,
1574 1385 1660 1425 ideo
1691 1384 1756 1426 illi
1779 1384 1996 1438 piaculum
2026 1385 2104 1426 sol-

409 1461 529 1506 van-a·
560 1457 632 1498 lioc
663 1460 720 1498 est
749 1457 856 1498 enim
889 1456 984 1499 ‘diis
1017 1455 1222 1510 instra-722³,
1256 1455 1412 1507 offensa
1442 1468 1578 1495 coram
1605 1455 1780 1496 liberari.
1812 1469 1910 1496 sane
1936 1454 2104 1496 ‘Instra-

411 1527 527 1569 mnr’
566 1531 659 1581 apto
697 1528 809 1569 verbo
847 1542 945 1570 usus
982 1531 1039 1569 est
1077 1528 1317 1568 mentionem
1355 1526 1543 1567 ludorum
1572 1526 1778 1577 facturns;
1823 1525 1968 1567 horum
1998 1527 2105 1567 enim

343 1606 386 1636 20
413 1599 681 1640 certaminmn
711 1612 830 1639 Sacra
861 1598 1069 1639 celebratio
1103 1598 1276 1639 lustrum
1306 1600 1492 1638 vocabar:
1532 1597 1702 1638 lustrato
1734 1596 1841 1637 enim
1864 1596 2016 1649 populo
2048 1596 2109 1637 dii

404 1670 639 1723 placantur.
780 1670 977 1720 VOTISQVE]
1013 1668 1211 1709 ssdnbinm
1243 1671 1300 1709 est
1330 1670 1470 1708 atrum
1499 1667 1699 1719 faciendis
1731 1680 1785 1707 an
1817 1666 2015 1708 solvendis
2044 1680 2106 1708 vo-

413 1741 506 1782 aa*
635 1757 762 1786 VOTJSQ
772 1757 817 1781 VE
841 1756 1081 1782 JNCENDJMVS
1105 1756 1204 1781 ARAS
1234 1739 1279 1780 id
1307 1742 1364 1780 6815
1393 1742 1484 1780 vota
1512 1738 1715 1790 facientes.
1777 1737 1986 1779 dubitatur
2018 1751 2107 1778 vero

412 1815 551 1853 ntrnm
588 1811 700 1852 Iovis
736 1824 850 1864 aras,
889 1825 943 1852 an
984 1811 1150 1852 Veneris
1187 1811 1345 1851 dixerit.
1416 1810 1547 1851 Varro
1585 1810 1692 1850 enim
1734 1808 1925 1861 templum
1963 1807 2109 1850 Veneri

413 1883 463 1923 ab
494 1882 634 1923 Aenea
665 1883 888 1936 conditum,
920 1882 989 1922 nbi
1019 1895 1128 1922 nunc
1159 1881 1315 1922 Leucas
1347 1884 1413 1934 est,
1445 1881 1563 1922 dicit:
1595 1880 1782 1932 quamvis
1812 1879 2043 1921 Menander
2074 1882 2111 1921 et

345 1960 388 1990 25
419 1953 632 2005 Turpilius
669 1953 808 1993 comici
845 1967 871 1993 a
903 1952 1069 1993 Phaone
1099 1952 1242 1993 Lesbio
1280 1952 1325 1993 id
1361 1952 1553 2004 templum
1590 1951 1796 1992 conditam
1827 1950 1977 1991 (licant.
2038 1951 2110 2002 qni

415 2037 505 2064 cnm
536 2027 633 2064 essct
662 2024 963 2077 navicularius,
999 2023 1142 2064 solitus
1173 2037 1199 2063 a
1230 2022 1356 2064 Lesbo
1390 2023 1432 2063 in
1465 2023 1729 2064 continentem
1754 2021 1964 2074 proximos
1995 2034 2107 2073 qnos-

362 546 381 576 υἱ

513 2167 529 2196 1
559 2162 770 2208 Sallustius]
796 2163 872 2207 Iug.
895 2166 951 2205 25,
974 2166 1016 2195 10
1036 2162 1047 2205 ΙΙ
1067 2166 1086 2195 3
1113 2160 1324 2205 Terentius]
1353 2160 1399 2194 ad
1422 2161 1453 2194 V
1475 2165 1506 2203 4,
1530 2164 1583 2195 17.
1611 2160 1656 2194 cf.
1677 2160 1769 2194 Don.
1791 2160 1838 2193 ad
1858 2161 1964 2194 hunc.
1986 2171 2077 2195 vers.
2100 2160 2111 2176 ¹

416 2214 461 2243 24
488 2210 687 2244 Menander
712 2212 750 2244 et
776 2208 978 2255 Turpilius]
1008 2208 1052 2243 cf.
1078 2207 1274 2243 Ribbeckii
1300 2219 1392 2242 com.
1418 2208 1482 2242 lat.
1510 2208 1574 2241 rel.
1600 2219 1634 2251 p.
1663 2210 1707 2241 84
1733 2207 1788 2242 ed.
1817 2208 1832 2241 I

516 2344 531 2373 1
562 2339 777 2373 conveniret
812 2338 903 2373 FO:
940 2338 1083 2372 uideret
1114 2337 1297 2371 LHME
1331 2338 1342 2380 ΙΙ
1380 2341 1399 2370 2
1433 2336 1642 2371 adhemalis
1675 2336 1714 2370 F
1756 2336 1957 2370 atherbalis
1985 2336 2078 2371 ME
2101 2336 2112 2382 Η

420 2390 439 2420 5
467 2385 662 2430 faciamus]
695 2387 760 2420 aut
791 2385 943 2420 dubium
980 2386 1035 2419 est
1059 2385 1181 2419 utrum
1207 2383 1385 2418 faciendis
1412 2395 1459 2418 an
1485 2384 1671 2418 soluendis
1697 2383 1794 2418 uotis
1820 2383 1903 2418 add.
1930 2383 1969 2417 F
1974 2397 1986 2425 ,·
2023 2395 2113 2427 qaae

419 2445 498 2467 cnm
524 2434 572 2467 acl
598 2433 768 2477 votisque
790 2434 999 2476 pertineant
1019 2436 1102 2475 post
1127 2432 1321 2476 placantur
1348 2432 1493 2474 (lin.21)
1521 2431 1690 2465 collocari-i
1709 2431 1720 2474 Η
1741 2434 1782 2464 12
1810 2430 1987 2465 salutauit
2013 2430 2112 2475 FO]

420 2492 531 2514 causa
567 2480 640 2514 fuit
666 2480 705 2514 F
733 2481 744 2524 ΙΙ
778 2484 818 2513 13
847 2480 985 2513 salutat
1011 2479 1050 2513 F
1058 2478 1087 2513 G
1114 2480 1125 2522 ΙΙ
1157 2478 1324 2522 quamuis
1355 2478 1425 2512 hoc
1452 2489 1495 2511 ex
1521 2477 1594 2512 alio
1622 2477 1748 2512 ordine
1775 2479 1812 2511 et
1837 2477 1911 2512 alia
1937 2488 1980 2511 ex
2006 2489 2114 2512 causa

419 2528 589 2562 narretur
617 2527 754 2561 stotian
779 2527 916 2561 Daniel
949 2526 1118 2570 quamvis
1144 2526 1236 2560 haec
1263 2536 1305 2559 ex
1331 2525 1405 2559 alio
1432 2524 1556 2559 ordine
1584 2526 1620 2558 et
1646 2525 1719 2559 alia
1745 2535 1788 2558 ex
1813 2535 1923 2559 causa
1948 2526 2114 2559 narretur

421 2574 578 2608 historia
606 2573 841 2608 Conmnelinns
861 2575 1014 2617 primus.
1042 2575 1053 2617 ΙΙ
1081 2577 1123 2606 14
1150 2572 1285 2607 station
1313 2572 1424 2606 Bern.
1455 2576 1530 2606 167.
1576 2582 1598 2605 a
1625 2571 1799 2606 Suetonio
1833 2571 1878 2606 F.
1906 2571 2112 2607 Schoelli'us

421 2622 573 2664 fortasse
608 2621 645 2654 in
673 2621 765 2655 libro
793 2622 933 2655 octavo.
979 2621 1023 2662 cf.
1051 2620 1148 2654 Serv.
1176 2620 1224 2654 ad
1249 2619 1339 2654 Aen.
1367 2619 1452 2652 VIII
1481 2622 1546 2653 110
1566 2619 1577 2663 ΙΙ
1599 2622 1641 2652 14
1662 2618 1737 2652 ioni
1763 2618 1802 2652 F
1818 2618 1829 2662 ΙΙ
1848 2619 1896 2652 ad
1914 2618 2115 2653 lustramur

425 2670 463 2702 in
488 2679 600 2711 mara.
636 2668 734 2711 quod
766 2667 857 2701 dicit
881 2667 1081 2701 lustramur
1106 2668 1193 2711 apto
1220 2666 1332 2700 uerbo
1359 2678 1444 2699 usus
1472 2666 1528 2700 cst
1552 2665 1775 2700 mentionem
1801 2665 1971 2699 ludorum
1996 2666 2113 2700 factu-

422 2727 483 2749 rus
510 2715 597 2759 quia
623 2715 754 2749 horum
782 2714 1021 2749 certaminum
1050 2725 1152 2748 sacra
1177 2712 1376 2747 celebratio
1402 2713 1556 2746 lustrum
1582 2713 1786 2747 uocabatur
1811 2713 1849 2746 et
1872 2712 2030 2746 lustrato
2049 2723 2113 2756 po-

423 2763 510 2806 pulo
545 2761 596 2795 dii
623 2762 867 2805 placabantur
895 2761 927 2794 '1'
955 2762 967 2805 ΙΙ
999 2765 1042 2794 22
1069 2773 1172 2794 vous
1199 2760 1237 2793 F
1265 2761 1276 2803 ΙΙ
1308 2761 1355 2794 acl
1380 2759 1549 2803 votisque
1575 2759 1803 2793 incendimus
1830 2770 1910 2793 aras
1935 2760 1976 2793 inv
1999 2770 2112 2803 mara.

423 2809 613 2843 dubitatur
646 2809 739 2843 iouis
772 2820 817 2842 an
851 2808 993 2842 ueneris
1026 2818 1107 2842 aras
1134 2807 1233 2841 dicut
1258 2818 1365 2841 uarro
1391 2807 1507 2841 tradit
1530 2806 1710 2851 templum
1736 2806 1782 2840 ab
1809 2816 1900 2840 enea
1919 2805 2113 2840 conditum

422 2855 548 2890 ucncri
588 2855 649 2889 ubi
688 2857 725 2889 ct
767 2855 913 2889 leucata
957 2866 1060 2889 mons
1097 2855 1153 2887 est
1190 2854 1356 2897 quamuis
1389 2882 1395 2888 .
1431 2881 1437 2887 .
1473 2881 1478 2886 .
1512 2853 1766 2897 cognominem
1805 2852 1874 2886 sibi
1911 2851 2000 2886 fecit
2034 2852 2066 2885 T
2101 2854 2110 2893 j}

422 2906 465 2936 23
492 2903 610 2936 Varro
637 2903 689 2936 ait
714 2902 895 2946 templum
921 2901 1055 2936 Vencri
1082 2902 1127 2935 ab
1155 2901 1278 2935 Aenea
1304 2900 1492 2935 conditum
1518 2900 1580 2934 ubi
1607 2911 1701 2934 nunc
1727 2900 1885 2934 Leucate
1912 2899 2074 2933 Anzbros.
2101 2899 2113 2945 Η

423 2954 467 2983 ‘34
493 2950 631 2983 Leucas
663 2951 718 2983 est
744 2950 938 2993 Hafflcnas:
976 2949 1120 2984 leucas&
1149 2948 1188 2981 F
1224 2948 1420 2982 Leucaten]
1459 2948 1590 2981 Daniel
1615 2948 1760 2991 primns
1795 2947 1807 2990 ΙΙ
1843 2946 2043 2980 Menander
2076 2947 2114 2980 ct

423 2996 609 3039 Turpilius
649 2995 787 3030 Comici
818 2996 999 3039 templum
1032 2995 1166 3030 Veneri
1199 3006 1220 3029 a
1249 2996 1381 3029 Ianone
1414 2994 1530 3029 lesbio
1565 2994 1753 3028 conditum
1787 2993 1914 3026 dicunt
1944 2993 2110 3027 Ambros.

424 3044 459 3083 (a
487 3043 621 3077 [anone
647 3055 743 3078 man.
768 3045 846 3087 sec.)
866 3044 878 3087 ΙΙ
898 3048 940 3077 25
968 3044 1116 3078 Phaone
1146 3042 1399 3077 Comnzclinus:
1426 3041 1568 3076 facione
1596 3041 1636 3074 F
1670 3040 1801 3075 fanone
1826 3039 1858 3072 T
1875 3040 1886 3083 ΙΙ
1906 3038 2031 3074 dicant
2053 3040 2085 3073 T
2102 3039 2113 3084 ΙΙ

424 3092 468 3123 26
495 3101 516 3123 a
541 3090 657 3124 lesbio
687 3090 747 3134 ΤΙΙ
766 3090 804 3124 in
829 3101 894 3125 om.
925 3090 957 3123 T
