2204 3437
369 527 388 556 cl

347 878 388 907 10

345 1580 389 1611 20

346 1931 390 1961 25

418 129 502 181 318
1182 128 1342 164 SERVII

417 238 665 279 oeconomia
692 237 744 278 ad
763 237 905 278 Iulum
932 237 1068 291 venit,
1099 237 1242 278 dicens
1270 251 1365 277 eum
1393 236 1524 277 fuisse
1556 236 1669 277 inter
1694 251 1843 278 manus
1875 239 2116 291 parentum.

416 306 549 348 ‘inter
580 307 753 348 manus'
787 310 947 361 autem,
979 307 1060 348 hoe
1092 309 1158 348 est
1189 308 1299 348 inter
1331 306 1565 360 amplexus.
1625 320 1710 348 non
1743 307 1856 349 enim
1885 323 2114 362 possumus

418 392 512 418 eum
545 378 620 419 illo
651 381 845 431 tempore
877 380 1098 431 portatum
1124 378 1279 431 dicere,
1313 391 1439 431 quem
1469 381 1507 419 et
1530 391 1624 419 moa:
1641 378 1811 431 pedibus
1828 379 1967 430 patris
1991 379 2111 420 comi-

417 451 493 489 tem
527 449 672 500 fuisse,
713 450 750 487 et
784 449 883 500 post
923 449 1086 501 septem
1118 462 1251 489 annos
1284 447 1468 501 legimus
1502 448 1544 488 et
1575 450 1778 489 venatum
1809 448 1894 489 isse
1926 451 1969 490 et
1999 449 2115 490 bella

415 521 636 559 tractasse.
756 529 976 558 MIRABILE
1009 529 1266 560 MONSTRVM
1304 519 1393 559 τῶν
1426 517 1572 572 μέσων
1612 521 1696 559 est:
1735 519 1895 560 dietum
1934 534 1959 560 a
1996 533 2114 560 mon—

416 588 608 641 strando,
649 588 694 628 id
728 590 785 628 est
823 589 1029 629 monendo.
1083 590 1125 630 et
1165 589 1347 629 refertur
1386 588 1437 629 ad
1475 603 1675 642 praesens
1716 589 1804 630 eius
1846 589 2115 643 significatio.

416 656 690 712 ‘prodigium'
715 660 859 699 autem
886 660 951 698 est
978 658 1090 712 quod
1117 659 1161 699 in
1187 659 1363 713 longum
1383 660 1551 712 tempus
1572 658 1722 712 dirigit
1743 659 2114 713 significationem.

535 729 630 770 682.
682 746 799 770 LEJ'JS
820 742 900 782 pro
933 729 1078 770 leviter.

533 799 630 840 683.
679 811 896 840 FVNDERE
929 812 1087 841 LVMEN
1119 811 1240 841 APEX
1281 799 1429 854 ‘apex'
1466 800 1636 854 proprie
1675 799 1829 842 dieitur
1866 800 1911 841 in
1950 815 2114 842 summo

416 870 601 911 flaminis
640 870 772 924 pilleo
810 870 933 925 virga
970 871 1134 925 lanata,
1174 871 1255 912 hoc
1295 874 1359 912 est
1398 871 1442 912 in
1480 871 1598 912 euius
1638 871 1911 912 extremitate
1949 871 2116 913 modica

415 940 517 981 lana
559 943 641 982 est:
687 940 797 995 quod
839 940 1024 994 primum
1067 943 1236 982 constat
1277 941 1389 995 apud
1429 940 1587 982 Albam
1626 940 1860 983 Ascanium
1899 942 2117 983 statuisse.

417 1011 542 1051 modo
576 1013 717 1052 autem
752 1011 1046 1052 summitatem
1077 1011 1199 1065 pillei
1231 1011 1536 1065 intellegimus.
1593 1011 1735 1066 tangit
1767 1013 1925 1066 autem,
1958 1014 2006 1053 ut
2035 1011 2115 1052 fre-

417 1084 594 1134 quenter
628 1081 829 1135 diximus,
870 1082 1057 1122 latenter
1093 1082 1332 1123 historiam.
1394 1082 1498 1123 item
1536 1082 1618 1123 hoc
1656 1096 1823 1137 quoque
1856 1083 1905 1124 de
1938 1082 2029 1136 igni
2061 1081 2116 1123 ad

417 1149 611 1193 Servium
644 1151 832 1192 Tullium
865 1152 1064 1205 pertinet.
1125 1167 1226 1194 nam
1259 1168 1353 1194 oum
1387 1152 1644 1208 Tarquinius
1678 1153 1862 1207 cepisset
1892 1153 2112 1195 Verieula-

417 1236 516 1262 nam
550 1221 789 1274 civitatem,
830 1236 879 1262 ex
913 1223 1082 1276 captiva
1115 1223 1298 1277 quadam
1329 1224 1373 1264 in
1405 1223 1530 1265 domo
1564 1223 1654 1264 eius
1686 1226 1812 1265 natus
1846 1225 1910 1265 est
1942 1222 2115 1265 Servius
2144 1222 2147 1224 ’

417 1291 595 1332 Tullius.
659 1292 729 1345 qui
763 1306 857 1332 cum
886 1292 1195 1347 obdormisset,
1228 1296 1356 1347 eaput
1389 1294 1478 1334 eius
1512 1293 1654 1334 subito
1687 1293 1859 1334 flamma
1891 1293 2114 1347 corripuit:

416 1376 543 1415 quam
589 1376 682 1403 011111
727 1362 887 1402 Vellent
923 1363 1207 1418 restinguere,
1246 1364 1472 1418 Tanaquil,
1517 1364 1630 1418 regis
1668 1379 1792 1417 uxor,
1839 1364 2114 1418 auguriorum

415 1433 573 1486 perita,
605 1432 860 1486 intellegens
888 1433 1134 1487 augurium,
1165 1433 1399 1487 prohibuit.
1443 1434 1616 1475 flamma
1640 1448 1818 1487 puerum
1844 1449 1939 1475 oum
1965 1448 2113 1476 somno

416 1502 621 1543 deseruit:
654 1502 763 1542 unde
795 1502 1026 1557 intellexit,
1060 1518 1156 1544 eum
1183 1504 1347 1545 Clarum
1380 1503 1471 1545 fore
1498 1519 1631 1558 usque
1659 1504 1710 1545 ad
1743 1505 1943 1546 ultimam
1968 1504 2114 1546 vitam.

414 1572 551 1625 perite
584 1586 684 1612 sane
717 1571 854 1612 lucem
887 1572 1013 1623 dixit,
1051 1588 1137 1614 non
1169 1575 1216 1613 ut
1246 1573 1291 1614 in
1323 1574 1506 1627 septimo
1539 1574 1650 1628 <76>
1683 1577 1787 1615 tum
1819 1575 2012 1616 fumida
2043 1575 2115 1616 lu-

415 1642 547 1683 mine
579 1642 737 1683 fulvo:
772 1657 872 1683 nam
906 1646 947 1684 et
979 1643 1068 1684 illio
1101 1644 1301 1697 splendor
1334 1644 1505 1698 quidem
1532 1646 1614 1699 est,
1647 1645 1720 1686 sed
1747 1659 1841 1686 eum
1872 1645 2008 1699 fumo,
2041 1645 2114 1700 qui

417 1727 583 1767 semper
622 1727 748 1753 eausa
783 1712 1058 1754 lacrimarum
1097 1716 1173 1755 est.
1235 1714 1279 1755 in
1311 1713 1496 1755 Ascanio
1536 1717 1678 1756 autem
1718 1716 1834 1757 solus
1875 1715 2116 1757 ostenditur

416 1783 627 1836 splendor.
677 1782 895 1824 Suetonius
922 1785 1004 1824 tria
1025 1798 1174 1837 [senem
1191 1785 1412 1837 pilleorum
1438 1785 1559 1838 (lixit,
1586 1785 1729 1837 quibus
1754 1786 1974 1827 sacerdotes
1992 1788 2114 1826 utun-

418 1856 502 1905 tur,
535 1854 706 1905 apicem,
739 1854 931 1907 tutulum,
958 1854 1166 1907 yalermn:
1197 1855 1267 1895 sed
1289 1855 1443 1907 apicem
1461 1855 1634 1907 pilleum
1659 1856 1778 1897 sutile
1802 1856 1910 1897 cirea
1934 1856 2111 1896 medium

415 1923 531 1975 virgsa
556 1924 767 1973 eminente,
801 1924 976 1964 tutulum
994 1925 1169 1977 pilleum
1196 1925 1382 1966 lanatum
1408 1928 1534 1966 metae
1557 1926 1712 1980 styma,
1738 1927 1925 1979 ‘qalerum
1941 1927 2115 1979 pilleum

416 2007 464 2034 esse
486 1994 592 2046 pelle
622 1993 773 2051 hostiae
804 2008 950 2035 eaesae.

511 2136 531 2165 5
558 2132 697 2166 dictum
729 2143 751 2166 a
777 2132 1015 2166 monstrando
1051 2160 1057 2166 .
1087 2161 1092 2166 .
1122 2161 1128 2167 .
1162 2133 1486 2179 significationem]
1525 2134 1571 2168 cf.
1597 2134 1681 2168 Isid.
1709 2135 1798 2180 orig.
1826 2135 1877 2169 XI
1903 2139 1941 2179 3,
1968 2140 1999 2170 3.
2039 2135 2114 2170 diff.

415 2179 526 2259 {grlr5
543 2183 610 2213 459
641 2180 653 2223 ΙΙ
690 2183 733 2212 23
762 2179 973 2224 Suetonius]
1007 2179 1099 2224 frag.
1130 2184 1195 2215 168
1227 2192 1285 2225 ap.
1314 2180 1524 2215 Reifl‘ersch.
1552 2193 1586 2225 p.
1613 2185 1693 2216 268.
1727 2182 1772 2217 cf.
1799 2182 1884 2216 Isid.
1913 2183 2002 2227 orig.
2030 2182 2114 2216 XIX

471 2253 479 2269 ³

514 2359 530 2388 1
560 2366 641 2388 eum
668 2354 765 2389 inter
789 2366 919 2389 manus
945 2356 1140 2408 parentum
1165 2354 1276 2390 fuisse
1302 2355 1335 2388 L
1354 2356 1365 2400 ΙΙ
1386 2359 1404 2389 2
1432 2356 1574 2401 autem]
1601 2358 1665 2391 aut
1686 2357 1733 2390 M
1750 2357 1802 2401 114
1828 2367 1941 2391 annos
1969 2358 2112 2401 septem

419 2401 468 2434 M
491 2402 646 2445 (septem
675 2429 681 2434 .
710 2403 959 2436 ..tractasse
986 2414 1026 2436 m
1052 2405 1218 2436 contet-tu
1244 2404 1373 2437 omissa
1400 2404 1440 2436 in
1465 2414 1578 2447 111019.
1604 2405 1720 2447 suppl.
1749 2405 1825 2438 ead
1854 2405 1962 2447 man.)
1994 2405 2006 2448 ΙΙ
2042 2404 2112 2439 isse

418 2460 460 2482 ese
486 2459 564 2482 esse
591 2448 624 2481 L
663 2459 740 2482 esse
767 2449 806 2481 E
835 2450 846 2492 ΙΙ
878 2453 896 2482 5
925 2462 988 2483 lox
1015 2457 1144 2483 meson·
1168 2449 1202 2482 L
1245 2451 1311 2483 ton
1337 2460 1463 2484 meson
1489 2450 1632 2484 HME
1660 2452 1671 2495 ΙΙ
1708 2455 1728 2485 8
1755 2452 1803 2484 cul
1831 2462 1858 2484 z.
1887 2455 1952 2485 682
1987 2451 2111 2496 Leuis]

417 2506 482 2538 pro
508 2495 650 2529 leuiter.
682 2495 717 2528 P
739 2496 751 2538 11
780 2500 798 2529 9
827 2496 874 2529 ad
899 2507 929 2529 v.
958 2500 1024 2530 683
1052 2496 1218 2530 F·unde1e
1245 2496 1368 2530 lumen
1396 2497 1504 2542 apex]
1535 2497 1731 2532 Suetonius
1759 2525 1764 2531 .
1788 2525 1794 2531 .
1817 2525 1822 2531 .
1852 2508 1989 2532 caesae.
2029 2500 2114 2532 sunt

418 2543 541 2576 autem
573 2541 611 2575 in
643 2542 700 2575 his
733 2542 899 2576 uersibus
934 2542 1068 2576 infiniti
1101 2554 1167 2586 pro
1202 2542 1423 2578 indicativis.
1453 2544 1488 2576 P
1517 2545 1528 2587 ΙΙ
1565 2555 1659 2588 apex
1684 2555 1749 2578 om.
1776 2544 1870 2577 HM
1905 2545 2001 2588 (add.
2028 2546 2104 2589 1,1ι)

420 2592 461 2622 12
489 2589 612 2622 autem
638 2590 680 2621 ut
706 2588 806 2621 HE·
841 2600 999 2631 namque
1025 2590 1066 2623 ut
1099 2590 1190 2622 LM
1212 2590 1223 2633 ΙΙ
1258 2594 1298 2623 13
1324 2590 1414 2624 item
1440 2590 1539 2633 LH,
1575 2601 1639 2625 om
1668 2591 1779 2624 ME?
1810 2592 1821 2635 ΙΙ
1855 2595 1897 2625 14
1924 2574 2113 2625 seruilium

416 2635 567 2669 tullium
592 2635 677 2668 LII
709 2635 843 2668 tullum
877 2635 1065 2669 seruilium
1094 2636 1140 2669 M
1183 2636 1373 2670 seruilium
1400 2637 1534 2671 tullum
1560 2637 1600 2670 E
1624 2639 1636 2681 ss
1666 2637 1918 2672 uerieulanam
1946 2638 1993 2671 M
2000 2637 2057 2671 El
2082 2641 2113 2671 et

417 2682 630 2716 mecmm'
655 2683 740 2715 libri
766 2682 1035 2716 uerrieulonam
1062 2682 1094 2715 L
1131 2683 1383 2717 uericulonam
1412 2684 1454 2716 H
1487 2684 1737 2718 oorieulanam
1765 2685 1979 2718 Musa-icius.
2025 2684 2111 2719 Cor—

417 2728 628 2763 niculanam
658 2729 810 2762 scribere
841 2729 962 2762 debuit
995 2728 1151 2763 Servius.
1192 2731 1236 2771 cf.
1264 2730 1343 2764 Lis.
1372 2731 1385 2763 Ι
1412 2734 1473 2773 38,
1500 2735 1521 2764 4
1547 2734 1578 2765 et
1604 2731 1654 2765 IV
1680 2736 1718 2775 3,
1747 2735 1788 2765 12
1825 2732 1926 2766 Oricl.
1953 2732 2036 2773 fast.
2063 2731 2113 2764 VI

419 2779 485 2809 622
517 2777 528 2819 ΙΙ
562 2779 603 2809 15
631 2775 799 2809 seruilius
832 2775 958 2809 tullius
993 2775 1164 2810 hostilius
1190 2776 1223 2809 L
1262 2777 1433 2811 sertulius
1459 2777 1587 2812 tullius
1612 2778 1783 2812 hostilius
1810 2778 1855 2812 H
1885 2777 2015 2822 tullius
2041 2788 2110 2811 ser-

418 2822 527 2855 uilius
562 2823 609 2855 M
644 2822 757 2856 tullus
789 2822 958 2856 seruilius
984 2822 1023 2855 E
1052 2824 1064 2865 ΙΙ
1103 2828 1143 2856 16
1177 2823 1353 2867 corripuit
1387 2824 1495 2857 ME.-
1529 2825 1757 2869 corrumpuit
1788 2825 1821 2858 L
1857 2823 2012 2867 arripuit
2037 2824 2080 2857 II

421 2872 460 2902 17
489 2880 599 2912 quam
628 2869 756 2902 MEI:
788 2869 887 2912 quod
912 2869 998 2902 LH
1019 2870 1031 2912 ΙΙ
1059 2873 1098 2903 19
1124 2869 1303 2913 intelligit
1328 2871 1361 2903 L
1387 2872 1491 2914 (corr.
1520 2872 1546 2914 l)
1570 2872 1582 2915 ΙΙ
1607 2872 1747 2906 clarum
1775 2882 1857 2905 eum
1886 2871 1932 2904 M
1949 2871 1961 2914 ΙΙ
1987 2874 2031 2904 20
2058 2871 2111 2904 111-

420 2916 514 2960 cem]
547 2916 698 2957 fowtasse
730 2916 905 2958 10110111.ΙΙ
937 2915 1028 2950 dicit
1053 2916 1109 2949 El
1139 2916 1150 2959 ΙΙ
1182 2920 1223 2949 21
1252 2917 1319 2951 illa
1344 2917 1384 2950 H
1413 2919 1424 2961 ΙΙ
1456 2921 1499 2951 22
1526 2918 1762 2952 lacrimarum
1795 2928 1905 2951 eausa
1930 2917 1963 2950 L
2002 2928 2113 2951 causa

419 2972 482 2996 om.
513 2963 562 2996 M
578 2963 589 3005 ΙΙ
609 2961 696 2996 solis
722 2962 767 2996 H
781 2964 792 3006 ΙΙ
812 2962 1016 2997 ostenditur
1041 2974 1105 2997 om.
1135 2963 1183 2996 M
1199 2965 1282 3006 11:23
1311 2964 1506 2999 Suetonius
1533 2964 1786 2999 Commeh'nus:
1813 2963 1978 3007 sytonius
2007 2963 2036 2998 O
2044 2964 2113 2997 P
2102 2981 2113 3009 1
2140 3008 2144 3009 ⁷

420 3012 464 3041 24
490 3009 665 3043 tutullum
694 3009 730 3042 P
746 3009 798 3053 ug
778 3009 900 3043 ualere
930 3009 965 3042 P
982 3011 993 3053 ΙΙ
1012 3008 1116 3053 apice
1144 3009 1180 3043 P
1196 3011 1208 3054 ΙΙ
1227 3014 1271 3043 25
1297 3010 1474 3045 tutullum
1497 3011 1533 3044 P
1548 3012 1560 3055 11
1579 3011 1696 3056 figura
1723 3011 1946 3045 Illasvicius:
1973 3010 2112 3054 figurae

423 3054 486 3097 ΡΙΙ
510 3056 633 3098 galore
664 3055 698 3088 1
721 3058 733 3099 ΙΙ
760 3056 913 3099 pilleum
941 3058 997 3090 est
1022 3066 1066 3090 ex
1094 3055 1130 3089 P
