2204 3437
525 204 673 239 COMM.
700 204 751 238 IN
776 204 919 238 VERG.
948 204 1056 237 AEN.
1084 204 1109 236 I.
1137 206 1331 236 293-295.
1692 203 1771 241 109

198 308 296 349 293.
346 321 487 350 DIRAE
530 325 624 351 cum
664 313 834 364 apertae
873 313 984 351 sunt.
1105 310 1239 361 [ΑΜΕ]
1281 308 1351 349 hoe
1381 312 1437 350 esi
1467 309 1773 362 abomimmdae,

80 379 189 420 alias
237 378 392 420 ‘dirae'
438 394 609 433 mameae
653 396 714 422 cm
760 395 846 422 sua
893 381 1062 433 cuique
1108 381 1220 421 (Zeus
1260 380 1327 431 fit
1368 380 1480 420 (lira
1525 380 1696 432 cupido
1739 383 1775 420 ei

79 450 177 489 iam
209 452 306 490 tum
336 451 510 504 reliyio
535 452 744 503 pavidos
775 451 986 492 terrebat
1015 453 1228 503 aya-estes
1259 450 1371 490 dira
1403 450 1495 490 Ioci
1532 453 1569 489 et
1603 450 1772 490 diemi-

82 523 161 561 ίαν
188 521 408 573 yemiwae
436 526 595 574 pestes
633 522 908 575 eogyiiomine
944 521 1112 563 Dirae.
1240 531 1530 562 ‹JOMPAGIBVS
1570 520 1772 574 ambages

80 592 122 630 et
154 604 382 645 compages
417 593 582 647 antiqui
614 595 783 633 tantum
825 592 1040 644 dicebant,
1083 591 1313 645 posteritas
1357 591 1531 632 admisit
1563 594 1611 632 ut
1643 591 1771 632 etiam

80 675 287 715 compago
333 661 514 703 dicatur:
565 663 637 704 sed
681 677 767 703 non
809 663 910 716 quia
956 663 1099 703 varius
1149 676 1241 702 esse
1284 664 1430 715 potest
1471 661 1774 714 nominativus,

81 732 207 773 debet
239 733 368 773 etiam
394 733 622 775 declinatio
648 733 824 787 mutari,
854 732 1211 787 quemadmodum
1236 747 1315 773 nec
1340 733 1384 773 in
1409 732 1504 773 istis
1530 731 1774 773 nominibus

80 803 207 844 arbor
240 803 384 857 arbos,
416 818 562 846 vomer
595 805 747 858 vomis3
779 818 878 844 nam
914 806 955 844 et
980 803 1162 844 vomeris
1197 805 1240 844 et
1267 803 1431 844 arboris
1457 804 1627 843 tantum
1660 802 1774 843 facit.

80 887 181 928 ergo
220 887 447 928 compages
486 875 724 929 compagis,
763 875 966 929 quoniam
1004 888 1213 928 compago
1252 876 1503 927 usurpatum
1542 875 1626 928 est3
1665 887 1774 914 com-

79 944 248 998 paginis
281 944 394 984 enim
425 959 550 986 nemo
582 946 752 998 penitus
785 945 899 986 dicit.

199 1014 296 1055 294.
352 1032 470 1056 BELLI
498 1032 644 1056 PORTAE
684 1015 786 1056 Iam
823 1016 994 1067 aewini,
1043 1028 1145 1068 quae
1188 1015 1286 1055 bello
1329 1014 1631 1067 aperiebantur,
1673 1027 1775 1066 paee

84 1084 382 1126 clamabantur.
442 1085 528 1124 ideo
559 1087 693 1124 autem
733 1085 868 1126 Ianus
907 1085 999 1126 belli
1038 1088 1209 1138 tempore
1243 1084 1478 1137 patefiebat,
1517 1087 1564 1124 ui
1601 1085 1775 1126 eiusdem

82 1158 308 1208 conspectus
335 1168 408 1206 per
438 1154 583 1195 bellum
606 1157 780 1206 pateret,
813 1156 857 1196 ‘in
888 1156 1001 1196 eitius
1024 1159 1219 1208 potestate
1244 1158 1342 1196 esset
1371 1156 1502 1196 exitus
1526 1156 1773 1208 reditusque;

82 1227 126 1267 id
155 1226 262 1267 enim
293 1226 384 1277 ipsa
414 1226 619 1278 sigmifi'eat
649 1227 734 1267 eicis
764 1226 931 1279 effiyies,
963 1227 1194 1280 praebentis
1224 1240 1264 1267 se
1294 1226 1480 1267 euntibus
1511 1229 1548 1266 ei
1576 1227 1774 1267 redeunti—

82 1297 154 1338 bus
196 1297 344 1337 ducem.
410 1295 517 1337 home
559 1299 693 1337 autem
735 1297 833 1337 olim
877 1297 1020 1337 Nimia
1058 1297 1286 1349 Pompilius
1327 1297 1438 1351 feeit,
1481 1297 1596 1338 euius
1632 1300 1776 1349 portas

77 1368 192 1421 requi
230 1370 401 1419 tempore
439 1367 596 1408 elausit.
716 1378 869 1408 FVROR
907 1379 1063 1409 minvs
1097 1379 1234 1409 INTvs
1273 1370 1321 1408 ut
1359 1367 1553 1421 superius
1592 1367 1775 1408 diximus

80 1441 256 1492 propter
281 1437 396 1478 bella
422 1437 582 1491 civilia,
615 1452 723 1491 quae
756 1440 878 1492 gesta
911 1440 1010 1478 sunt
1041 1442 1191 1479 contra
1218 1437 1400 1478 Brutum
1431 1440 1473 1478 et
1499 1436 1695 1479 Cassium
1721 1438 1774 1479 ab

80 1510 278 1562 Augusto
322 1507 367 1548 in
409 1507 643 1562 Philippis,
687 1511 836 1549 contra
881 1507 1056 1549 Sextum
1094 1508 1347 1562 Pompeium
1393 1509 1446 1549 ab
1488 1509 1686 1563 Augusto
1732 1509 1776 1549 in

80 1578 235 1620 Sicilia.
356 1581 429 1619 aut
464 1579 568 1619 sieut
602 1579 770 1631 quidam
811 1580 979 1620 tradunt
1016 1596 1143 1621 FIJ'ROR
1168 1596 1304 1621 IMPJI'S
1330 1596 1447 1621 murs
1482 1592 1564 1620 non
1600 1580 1646 1620 in
1683 1580 1777 1620 aede

78 1649 197 1700 Iani,
240 1649 309 1690 sed
350 1649 395 1689 in
439 1649 526 1690 alia
562 1650 607 1690 in
642 1650 732 1701 foro
768 1650 949 1703 Amfflisti‘
985 1650 1281 1691 introeuntibus
1324 1650 1380 1690 ad
1422 1650 1653 1701 sinistram»,
1693 1650 1778 1702 fluit

79 1720 224 1761 bellum
248 1721 407 1773 pictum
438 1724 474 1761 ei
501 1721 620 1772 furor
644 1722 782 1762 sedens
812 1734 932 1773 super
957 1735 1077 1762 arma
1103 1722 1305 1762 devinctus
1329 1734 1371 1762 eo
1396 1721 1538 1761 habitu
1562 1734 1638 1773 quo
1657 1724 1777 1774 poeta

79 1792 193 1832 dixit.

198 1862 294 1902 295.
337 1872 483 1902 SAEVA
511 1868 685 1903 SEDENs
713 1874 858 1903 SVPER
884 1874 1011 1903 ARMA
1039 1862 1269 1903 secundum
1296 1861 1519 1916 antiquam
1545 1862 1776 1903 licentiam.

80 1932 297 1973 sciendum
323 1934 470 1973 tamen
496 1934 561 1973 est
586 1932 712 1974 hodie
742 1932 816 1973 ein’
845 1936 887 1974 et
914 1932 1024 1974 ‘sub'
1057 1935 1226 1974 tantum
1255 1947 1501 1974 communes
1534 1947 1624 1974 esse
1656 1948 1775 1987 prae-

79 2003 326 2057 positiones.
387 2005 575 2044 ceterum
609 2003 767 2058 esuper’
801 2007 843 2046 et
877 2003 1054 2045 ‘subter'
1088 2004 1175 2045 iam
1208 2004 1475 2045 accusativae
1509 2005 1625 2057 sunt,
1669 2004 1778 2045 sicut

83 2073 226 2115 ‘clam'
260 2076 302 2115 et
334 2073 474 2128 ‘post’‚
507 2090 615 2129 quae
649 2078 746 2116 ante
780 2089 1027 2116 communes
1059 2075 1249 2116 fuerunt:
1281 2090 1393 2116 nunc
1424 2075 1468 2115 in
1506 2075 1573 2115 his
1612 2077 1778 2115 mutata

80 2148 235 2186 natura
268 2148 342 2187 est.
406 2147 531 2199 [erqo]
566 2163 688 2187 srzfflf.
719 2160 797 2198 pro
833 2160 973 2199 supra.
1035 2149 1071 2187 et
1107 2159 1216 2187 mmo
1252 2145 1347 2187 haee
1376 2146 1626 2198 praepositio
1664 2159 1776 2186 aceu-

173 2301 192 2330 2
220 2308 267 2331 an
293 2296 373 2342 sua]
400 2297 442 2332 A.
469 2297 519 2330 IX
547 2300 612 2331 183
644 2298 655 2341 ΙΙ
687 2301 706 2331 3
738 2297 825 2331 iam«
839 2297 935 2342 tum]
969 2297 1011 2331 A.
1037 2297 1123 2330 VIII
1157 2301 1223 2331 349
1256 2298 1267 2341 ΙΙ
1298 2297 1485 2342 dicuntur]
1513 2298 1553 2331 A.
1582 2297 1647 2330 XII
1674 2300 1741 2331 845
1767 2296 1778 2341 1

82 2347 127 2377 24
153 2344 341 2378 sciendum
366 2348 492 2378 tamen
518 2344 574 2378 est
599 2355 628 2378 e.
651 2356 684 2387 q.
707 2344 749 2389 s.]
779 2343 879 2379 Serv.
907 2356 1037 2379 comm.
1063 2344 1101 2378 in
1128 2344 1220 2379 Don.
1247 2357 1282 2389 p.
1311 2348 1390 2388 419,
1416 2348 1460 2379 26
1488 2356 1565 2388 sqq.

175 2489 192 2518 1
231 2485 279 2519 ad
303 2495 333 2519 v.
362 2488 428 2518 293
455 2484 581 2530 Dirae]
610 2496 766 2529 magnae
901 2486 1045 2530 cupido.
1096 2485 1360 2531 compagibus]
1398 2485 1573 2529 ambages
1609 2486 1647 2518 et
1681 2495 1777 2518 com—

78 2543 193 2576 pages
230 2559 265 2566 ..
288 2560 295 2566 .
330 2543 438 2566 nemo
473 2531 619 2575 penitus
651 2531 750 2566 dicit.
791 2531 827 2565 P
855 2534 866 2576 ΙΙ
899 2537 918 2566 3
954 2533 1100 2578 relligio
1130 2532 1159 2567 O
1187 2536 1199 2578 ΙΙ
1237 2537 1258 2566 4
1294 2544 1508 2567 coNPAcfflvs
1544 2532 1635 2565 KH
1660 2533 1671 2575 Η
1703 2543 1777 2565 am-

78 2578 234 2624 pagibus
270 2590 467 2624 compages
492 2579 527 2611 B
575 2590 773 2623 compages
810 2580 1000 2624 compagis
1032 2581 1221 2615 Leidensis
1252 2581 1311 2614 sm·
1345 2580 1586 2614 testimonium
1616 2580 1777 2622 praefert

78 2626 318 2661 Bumnanmaes
349 2627 360 2670 ΙΙ
393 2630 412 2660 6
439 2626 622 2660 diceretur
650 2627 697 2660 M
714 2628 765 2670 119
793 2638 880 2671 ergo
907 2638 1088 2672 compago
1115 2627 1305 2672 compagis
1332 2627 1368 2660 P
1387 2627 1540 2669 βοφέαεεε
1566 2637 1654 2670 eigo
1681 2637 1777 2660 com-

79 2684 192 2718 pages
231 2684 411 2726 compago
451 2673 639 2718 compagis
670 2675 682 2717 Η
713 2674 910 2719 compago]
951 2686 1132 2720 compago
1169 2675 1226 2709 nis
1263 2675 1298 2708 J)
1330 2676 1341 2719 Η
1373 2674 1436 2709 sed
1474 2673 1705 2717 compaginis
1743 2673 1778 2706 B

80 2720 268 2765 compagis
303 2722 427 2754 autem
459 2721 495 2753 P
531 2721 758 2765 compaginis
794 2723 917 2755 autem
946 2723 993 2755 M
1023 2723 1034 2765 11
1068 2726 1110 2756 10
1145 2732 1253 2756 nemo
1289 2721 1437 2766 penitus
1473 2720 1574 2754 dicit
1627 2719 1778 2754 Ovidius

78 2768 205 2802 tamen
230 2767 269 2801 in
293 2767 412 2812 primo
438 2768 787 2812 metamorphoseon
814 2769 909 2812 (711)
942 2769 996 2803 ait
1024 2769 1155 2813 ‘atque
1181 2769 1235 2803 ita
1260 2767 1466 2813 disparibus
1503 2767 1654 2801 calamis
1682 2778 1776 2801 coni-

78 2814 212 2859 pagine
249 2814 374 2848 cerae'
438 2814 656 2859 compagine
693 2826 715 2848 a
749 2815 912 2867 genitivo
946 2816 1175 2860 compaginis
1208 2826 1286 2850 esse
1325 2815 1494 2850 arbitror.
1534 2814 1572 2848 D
1605 2816 1616 2857 Η
1649 2818 1689 2847 11
1730 2815 1778 2847 ad

78 2872 109 2896 v.
137 2865 205 2895 244
231 2861 327 2896 Belli
351 2842 496 2907 portae]
525 2862 602 2896 lani
627 2862 765 2906 gemini
797 2873 890 2905 quae
926 2862 1025 2898 bello
1061 2863 1341 2908 aperiebantm,
1377 2873 1467 2906 pace
1501 2861 1776 2895 claudebantm.

80 2908 195 2943 Furor
219 2908 355 2953 impius
379 2909 492 2953 intus]
520 2909 581 2943 uel
605 2911 647 2942 ut
673 2909 838 2953 superius
866 2909 1004 2944 dictum
1032 2912 1088 2945 est
1113 2911 1263 2954 propter
1288 2909 1387 2944 bella
1413 2908 1538 2942 ciuilia
1565 2936 1571 2941 .
1596 2936 1601 2941 .
1625 2935 1630 2941 .
1657 2907 1695 2940 in
1722 2907 1775 2941 Si-

80 2955 174 2989 cilia.
224 2955 289 2989 alii
313 2955 416 2990 furor
445 2955 580 3000 impius
607 2956 704 2990 intus
739 2967 812 2990 non
844 2956 882 2990 in
914 2958 1006 2992 aede
1033 2957 1111 2992 Iani
1139 2986 1144 2991 .
1168 2985 1174 2991 .
1198 2985 1204 2990 .
1232 2958 1342 3000 poeta
1368 2955 1471 2989 dixit.
1499 2955 1535 2987 P
1560 2955 1572 2997 ΙΙ
1606 2958 1646 2987 12
1674 2956 1774 2998 pete—

81 3002 192 3036 fiebat
219 3002 248 3036 G
275 3005 286 3047 Η
320 3006 362 3036 14
390 3013 427 3037 se
454 3002 625 3037 euntibus
654 3003 877 3037 Masctce'zis:
905 3005 1140 3048 sequentibus
1168 3003 1198 3037 C
1213 3006 1224 3048 [l
1247 3008 1288 3037 16
1316 3016 1429 3036 1N1‘1VS
1456 3002 1524 3045 ΚΙΙ
1545 3005 1588 3035 20
1616 3001 1775 3035 austusti

80 3048 339 3084 introiuntibus
369 3050 404 3083 P
428 3051 440 3094 ΙΙ
470 3053 512 3084 21
541 3050 732 3084 devinctus
760 3049 803 3084 C:
841 3051 964 3085 aeneis
996 3052 1140 3085 uinctus
1174 3051 1210 3084 P
1247 3049 1384 3084 catenis
1416 3048 1602 3083 revinctus
1632 3048 1776 3082 Masei-

81 3096 158 3129 eius
187 3097 198 3140 ΙΙ
229 3096 332 3131 abitu
357 3097 393 3130 P
418 3098 430 3141 ss
472 3101 515 3131 25
543 3097 771 3132 accustiuum
798 3098 838 3131 K
865 3100 877 3141 ΙΙ
909 3102 953 3133 26
986 3100 1097 3133 antea
1123 3098 1215 3131 LM
1243 3098 1255 3140 Η
1287 3106 1498 3131 communes
1532 3095 1683 3129 fuerunt
1711 3124 1746 3131 ..
1770 3123 1777 3129 .

81 3144 212 3177 natura
236 3146 293 3177 est
318 3145 329 3178 l
354 3145 394 3178 'in
419 3156 530 3188 mary.

1802 950 1844 979 10

1802 1657 1846 1687 20

1803 2012 1846 2042 25
