2204 3437
811 193 1092 229 PRAEFATIO.
1650 190 1799 225 LXXIII

110 306 457 349 consuetudinem
490 305 556 346 vcl
590 305 720 346 ctiam
753 304 906 345 vitiose
928 318 952 343 a
973 302 1119 343 Servio
1148 301 1263 342 dicta
1297 314 1389 341 esse
1422 301 1679 353 putaverunt
1705 313 1798 340 cuni

111 377 342 432 superioris
376 377 530 417 aetatis
565 375 844 429 scriptoribus
884 374 920 414 ei
960 371 1200 414 communia
1240 373 1351 411 suut.
1406 385 1505 410 nam
1545 369 1658 423 quod
1696 368 1801 410 Aen.

108 448 148 490 V
180 449 265 489 370
297 463 374 502 pro
408 446 525 488 ‘cum
568 446 727 488 Hector
767 444 930 486 occisus
970 442 1101 484 esset’
1141 442 1247 482 dixit
1285 455 1375 482 eam
1411 440 1615 481 habuisset
1651 440 1802 481 Hector

112 520 253 570 occidi,
287 519 446 560 similia
479 518 590 572 apud
623 516 932 558 Tertullianum
975 513 1263 555 inveniuntur.
1321 512 1390 567 (cf.
1424 510 1594 552 Oehleri
1621 510 1803 552 indicem

113 607 143 633 s.
176 606 212 632 v.
244 588 434 645 habere.)
486 589 590 630 Aen.
622 589 663 629 Π
697 588 778 629 601
815 585 992 640 (12:307,
1027 582 1116 639 13),
1148 583 1210 624 III
1244 583 1325 624 521
1362 583 1413 623 al.
1471 582 1803 635 comparativum

111 677 188 716 pro
221 676 345 715 qaam
376 660 589 715 particula
622 674 648 700 a
680 656 941 712 praepositio
977 656 1180 710 sequitur.
1232 654 1302 706 (cf.
1328 655 1554 694 comment.
1587 653 1637 692 111·
1664 652 1803 693 Dona-

112 735 203 773 tum
242 748 280 786 p.
318 733 422 785 407,
460 732 513 772 27
544 745 635 784 sqq.
668 727 739 785 K.)
798 727 986 769 eiusdem
1032 728 1271 767 structurae
1319 724 1511 777 exempla
1554 722 1805 763 Kuehnerus

117 801 344 854 (ausfuhrl.
378 801 565 843 Gramm.
598 801 634 841 d.
667 801 739 840 lat.
768 798 858 853 Spr.
879 798 920 838 Π
946 813 984 852 p.
1006 797 1109 851 361)
1139 811 1186 837 ex
1221 793 1358 836 Caelii
1379 794 1602 835 Aureliani
1635 793 1685 834 de
1713 808 1807 834 acu—

113 875 169 915 tis
201 873 363 915 morbis
398 873 508 913 libro
544 871 720 926 profert.
776 871 826 911 de
859 868 1090 910 indicativo
1125 866 1250 908 modo
1284 866 1327 906 111
1355 865 1537 919 obliquis
1571 864 1806 918 interroga-

114 945 304 987 tionibus
337 944 479 998 posito
513 942 571 998 (p.
607 942 671 995 15,
705 942 729 982 9
753 956 812 995 sq.
846 943 888 982 et
921 955 959 993 p.
980 939 1047 991 92,
1069 938 1114 992 4)
1149 937 1242 978 vide
1277 951 1383 990 quae
1416 935 1659 989 Draegerus
1688 933 1806 989 (hist.

117 1015 237 1070 Synt.
271 1017 296 1067 ξ
329 1014 433 1070 46-1)
468 1013 674 1068 exposuit.
731 1012 842 1052 idem
874 1009 918 1066 (ἓ
946 1010 1029 1051 379
1053 1008 1130 1063 sq.)
1166 1007 1360 1061 exempla
1393 1007 1565 1060 collegit
1597 1021 1618 1046 e
1651 1005 1804 1059 quibus

114 1086 437 1139 intellegeretur
468 1099 550 1138 quo
585 1086 777 1137 tempore
803 1082 911 1135 qaod
940 1083 983 1122 et
1008 1081 1107 1133 qaia
1134 1079 1453 1121 coniunctiones
1487 1077 1679 1118 infinitae
1714 1091 1806 1116 sen-

115 1157 275 1198 tentiae
308 1157 448 1197 locum
479 1157 623 1196 tenere
657 1154 910 1207 coepissent.

232 1226 318 1268 Vbi
348 1228 475 1267 natus
509 1225 564 1266 sit
591 1224 764 1266 Servius
795 1239 882 1265 11011
914 1225 980 1264 est
1012 1222 1242 1264 memoriae
1275 1220 1490 1275 proditum
1524 1233 1658 1273 neque
1693 1217 1807 1272 quid-

117 1315 246 1354 quam
278 1297 419 1339 inveni
451 1297 560 1338 unde
594 1296 643 1336 de
677 1310 726 1336 ea
763 1310 807 1336 re
846 1295 1092 1335 coniectura
1132 1293 1270 1346 fieret,
1309 1291 1381 1332 secl
1419 1291 1504 1331 iam
1545 1291 1597 1331 ab
1636 1290 1807 1330 ineunte

117 1373 258 1412 aetate
296 1369 458 1410 Romae
497 1366 761 1408 domicilium
799 1365 1001 1406 habuisse
1040 1364 1219 1406 videtur.
1276 1362 1517 1404 Macrobius
1557 1361 1670 1402 enim
1711 1359 1807 1401 adu-

117 1443 350 1484 lescentem
383 1454 479 1481 eum
507 1441 548 1480 et
575 1438 788 1492 colloquio
812 1436 1155 1478 Saturnaliorum
1182 1435 1302 1475 libris
1325 1433 1537 1487 descripto
1565 1431 1809 1473 interfuisse

117 1512 243 1555 finxit
275 1515 317 1553 et
349 1510 533 1565 Vergilii
575 1509 765 1550 carmina
804 1509 848 1549 111
881 1508 1056 1549 urbanis
1098 1507 1256 1548 scholis
1295 1520 1515 1547 enarrasse
1554 1516 1808 1545 commemo-

118 1586 198 1625 rat.
248 1583 353 1624 adde
387 1581 498 1637 quod
529 1579 686 1621 Niceus
726 1579 800 1620 ille
838 1578 998 1620 Romae
1038 1578 1149 1633 apud
1190 1576 1382 1618 Servium
1421 1574 1638 1616 Iuvenalis
1677 1573 1810 1613 libros

122 1669 165 1696 se
207 1653 363 1709 legisse
404 1653 589 1693 testatur
631 1653 673 1691 et
714 1650 825 1704 quod
869 1665 919 1690 ea
961 1663 1068 1703 quae
1104 1648 1154 1689 de
1195 1650 1363 1689 centuni
1397 1647 1544 1687 metris
1576 1644 1725 1685 libello
1760 1643 1810 1683 ad

80 1762 86 1766 ,
120 1725 329 1767 Albinum
362 1722 531 1764 Servius
565 1721 784 1775 praefatus
807 1723 872 1762 est
897 1721 960 1761 ita
983 1721 1231 1774 comparata
1252 1721 1368 1772 sunt,
1401 1721 1448 1758 ut
1479 1718 1522 1758 in
1555 1716 1700 1757 eadem
1729 1729 1812 1768 qua

122 1797 193 1837 ille
232 1795 355 1849 urbe,
387 1794 430 1835 id
463 1796 529 1834 est
561 1792 742 1847 Romae,
781 1791 1088 1847 grammaticus
1120 1790 1339 1832 habitasse
1372 1788 1578 1830 videatur.
1633 1785 1812 1838 denique

121 1868 167 1908 in
198 1865 465 1921 Vergilianis
499 1864 817 1906 commentariis
856 1877 942 1904 non
978 1863 1096 1903 nulla
1133 1862 1407 1903 inveniuntur
1446 1860 1598 1914 quibus
1638 1858 1682 1898 in
1720 1856 1814 1910 ipsa

121 1938 226 1979 urbe
259 1951 330 1978 eos
364 1936 547 1990 scriptos
582 1950 673 1976 esse
706 1935 921 1990 probetur.
977 1933 1026 1974 cf.
1059 1932 1165 1974 Aen.
1200 1931 1264 1972 III
1296 1932 1383 1972 444
1422 1933 1495 1971 aut
1525 1929 1665 1982 siquis,
1697 1928 1741 1968 id
1759 1929 1817 1967 est

121 2009 363 2062 quibusdam
393 2007 517 2060 notis,
549 2008 595 2046 itt
624 2006 669 2046 m
701 2004 864 2046 obelisco
896 2003 1051 2044 Romae
1081 2003 1272 2044 videnms.
1331 2001 1435 2042 Aen.
1463 1999 1568 2041 VIII
1602 1999 1656 2039 98
1690 1997 1813 2038 Pala-

123 2081 254 2121 tinam
297 2078 419 2120 vidit:
461 2090 531 2118 ozee
566 2076 690 2118 sitam
727 2078 981 2128 praesentem
1024 2074 1278 2114 considerare
1320 2073 1513 2114 deben'zas.
1572 2074 1665 2111 teme
1708 2068 1812 2109 <mim

124 2151 249 2192 mdlis
281 2148 529 2191 obstantibus
560 2147 756 2199 aedificiis
794 2149 831 2187 et
864 2145 1000 2186 Tiberi
1024 2159 1101 2198 per
1134 2144 1328 2197 lupercal,
1361 2146 1407 2184 ut
1437 2142 1634 2190 diximus,
1666 2140 1812 2192 fluente

121 2222 241 2275 facite
274 2233 388 2262 miens
411 2221 575 2273 poterat
603 2218 731 2259 videri
762 2216 993 2258 Palatinas.
1051 2216 1132 2256 271
1174 2216 1314 2268 71196113
1351 2215 1460 2255 enim
1498 2216 1554 2255 est
1591 2225 1668 2253 (rra
1708 2210 1817 2250 Her-

123 2294 242 2347 culis,
273 2293 377 2333 sieut
406 2291 586 2332 videmus
604 2289 804 2341 hodieque.
855 2288 936 2329 361
961 2286 1196 2328 Romanam
1225 2286 1363 2338 fbram
1384 2288 1440 2326 est
1469 2284 1539 2326 ubi
1558 2297 1666 2325 ‘Immo
1685 2284 1815 2322 rostra

124 2367 230 2406 sant.
282 2363 365 2403 646
398 2362 463 2403 cai
495 2359 539 2416 (i.
573 2374 606 2400 e.
634 2356 840 2413 Cloeliae)
869 2359 967 2399 data
999 2361 1055 2399 est
1084 2360 1220 2398 statua
1252 2357 1444 2409 equestris
1468 2369 1592 2407 qaam
1624 2355 1668 2394 ‘m
1699 2366 1818 2394 saera

125 2436 193 2476 via
223 2434 414 2486 hodieque
445 2429 765 2485 cofnsffl'cinmsst)
823 2442 966 2484 georg.
999 2428 1061 2469 ΠΙ
1095 2428 1149 2469 29
1183 2428 1396 2481 Athnstas
1434 2427 1556 2467 vietor
1589 2425 1709 2465 totius
1741 2422 1817 2464 Ae-

122 2506 237 2560 qypti
269 2540 276 2547 .
305 2538 313 2545 .
341 2537 349 2545 .
381 2503 512 2544 multa
548 2503 594 2543 de
631 2502 774 2543 navali
811 2501 1028 2542 certamine
1064 2500 1228 2540 sustulit
1265 2501 1416 2551 rostra,
1453 2496 1598 2549 quibas
1635 2494 1820 2546 conflatis

126 2579 317 2630 quattuor
349 2574 478 2626 effecit
513 2573 738 2622 columnas,
777 2585 880 2624 qaae
902 2574 1044 2623 postea
1082 2584 1108 2610 a
1140 2569 1380 2610 Domitiano
1418 2568 1463 2608 in
1496 2565 1694 2619 (aqie'tolc'o
1726 2567 1821 2605 s‘emt

130 2647 298 2700 locatae,
335 2658 437 2699 quas
474 2644 665 2696 hodieque
703 2642 971 2695 conspicimus
1103 2654 1201 2681 nam
1237 2642 1436 2680 rostratas
1474 2637 1514 2679 C.
1548 2636 1720 2678 Duilius
1750 2649 1820 2687 po-

127 2718 210 2759 suit
239 2717 354 2758 victis
385 2715 534 2757 Poenis
563 2714 706 2755 natali
737 2713 969 2766 certamine,
1001 2726 1020 2753 e
1051 2711 1195 2764 quibas
1225 2723 1352 2751 imam
1384 2710 1429 2750 in
1460 2709 1618 2761 rostris,
1650 2707 1821 2747 atteram

129 2791 222 2830 ante
252 2788 404 2829 circum
434 2787 613 2828 videmus
645 2799 671 2826 a
696 2787 816 2838 parte
846 2785 1084 2825 ianuarimi.

249 2858 314 2900 De
352 2856 647 2913 grammaticis
689 2854 826 2896 Servii
864 2854 1008 2908 libris,
1047 2853 1096 2894 de
1135 2852 1288 2907 quibus
1327 2850 1537 2893 Henricus
1575 2847 1738 2889 Keilius
1778 2847 1821 2887 in

253 3041 287 3083 1)
313 3037 481 3083 Dionysii
517 3035 786 3072 Halicarnassei
820 3034 1092 3078 testimonium,
1121 3033 1183 3078 qui
1220 3031 1360 3075 antiqu.
1392 3031 1496 3065 Rom.
1531 3029 1560 3062 V
1589 3032 1632 3062 34
1660 3027 1823 3062 Cloeliae

135 3093 297 3126 statuam
325 3103 391 3126 sua
416 3093 539 3125 aetate
566 3101 639 3124 non
665 3089 739 3123 iam
766 3090 888 3123 extare
915 3087 1023 3131 (licit,
1055 3086 1163 3121 Plinii
1190 3086 1290 3129 (hist.
1318 3086 1391 3118 nat.
1413 3081 1567 3117 XXXIV
1591 3086 1631 3115 13
1660 3084 1741 3122 §28
1758 3082 1824 3123 sq.)

138 3147 175 3179 et
194 3145 354 3180 Senecae
381 3144 443 3189 (ad
468 3144 579 3178 Marc.
607 3144 650 3178 de
678 3142 813 3178 consol.
842 3141 937 3183 XVI,
964 3144 998 3185 2>
1025 3138 1246 3174 auctoritate
1273 3136 1462 3172 refutatur.
