2132 3354
855 127 1139 163 PRAEFATIO.
1793 126 1838 159 lx

144 241 377 296 pleniorem
422 239 775 281 commentarium
815 236 1054 291 composuit
1094 251 1187 277 eam
1227 235 1337 276 inter
1370 235 1473 276 duas
1507 235 1602 275 illas
1636 234 1836 288 interpre-

145 312 330 354 tationes
363 310 622 352 intercedere
648 310 860 351 rationem
887 308 1085 362 opinatus
1114 309 1190 361 est,
1222 309 1269 347 ut
1296 306 1473 347 alterius
1506 306 1665 347 veritas
1698 305 1838 359 priore

146 384 485 436 confirmaretur,
530 380 702 434 scripsit
741 379 853 420 enim
891 393 980 432 erqo
1013 379 1105 420 bene
1135 378 1325 418 audierat
1358 392 1390 418 e.
1424 392 1462 431 q.
1496 392 1526 417 s.
1561 401 1614 405 —
1649 376 1700 417 ad
1733 375 1839 416 Aen.

144 453 205 495 IV
230 454 310 495 132
343 453 520 506 vulgato
549 451 710 493 scholio
737 450 847 505 quod
873 450 953 491 1100
981 452 1045 490 est
1071 466 1121 490 ET
1141 465 1260 490 onom
1283 465 1417 490 CANVM
1442 465 1500 489 VIS
1518 448 1616 500 plus
1637 450 1693 488 esc
1717 460 1840 499 qnam

144 526 182 567 si
212 525 357 566 diceret
387 522 631 565 ‘multitudo'
663 522 707 562 in
727 521 989 563 Floriacensi
1023 521 1128 561 11300
1161 519 1308 560 addita
1341 522 1439 560 sunt
1465 532 1554 572 crsso
1581 519 1663 559 vim
1689 522 1763 559 aut
1788 519 1843 559 ad

146 596 446 637 multitudinem
471 598 546 635 aaz}
568 594 624 635 ad
646 596 842 634 naturam
867 593 1015 646 retulit,
1047 591 1072 632 i.
1088 606 1121 633 e.
1149 592 1222 631 aut
1248 590 1478 631 multitudo
1520 592 1593 630 aut
1627 589 1840 644 sagacitas

148 682 299 709 canum
334 666 613 720 significatur.
654 666 831 719 apparet
862 664 995 718 igitur
1028 677 1155 717 (10310
1188 662 1358 715 ineptus
1393 661 1449 701 sit
1474 660 1555 701 1100
1582 660 1678 700 1000
1707 659 1840 714 ‘ergo'

147 737 459 780 coniunctionis
492 751 617 786 0303.-
645 735 695 776 cf.
729 734 832 776 Aen.
858 734 879 775 I
906 734 1002 788 266,
1036 732 1133 787 295,
1165 732 1263 785 502,
1296 732 1381 772 520
1416 730 1474 786 (11.
1511 732 1604 785 160,
1632 729 1718 785 24),
1745 731 1841 784 570,

149 810 244 850 616.
301 808 343 849 Π
380 808 444 863 13,
477 807 574 862 291,
607 807 706 859 311,
741 806 836 859 610,
871 806 966 847 789.
1022 803 1087 845 III
1122 804 1158 857 7,
1192 803 1288 843 374.
1347 801 1451 843 VIII
1488 803 1581 856 116,
1617 803 1710 857 187,
1743 802 1840 856 268,

148 881 246 935 298,
280 879 377 921 354.

269 949 523 992 (ζ’-3033111103
558 951 700 989 autem
734 945 1124 999 coniunctionibus,
1158 945 1290 986 veluti
1323 943 1464 985 ‘nam'
1499 943 1654 985 ‘enim'
1687 943 1840 998 ‘quod'

152 1020 306 1077 equia',
346 1023 388 1062 et
427 1019 663 1074 explicandi
698 1017 910 1071 formulis,
955 1017 1101 1070 quales
1142 1018 1241 1056 sunt
1280 1014 1381 1056 ‘hoc
1422 1013 1507 1055 est’
1547 1015 1614 1055 vel
1647 1013 1712 1055 eid
1745 1014 1843 1069 est',

151 1092 262 1147 quod
306 1091 420 1133 haud
463 1090 610 1144 paucis
647 1089 854 1144 plenioris
893 1087 1189 1129 commentarii
1225 1086 1329 1127 locis
1369 1100 1464 1126 cum
1504 1085 1691 1140 vulgatis
1733 1101 1843 1127 nova

152 1164 352 1219 copulata
385 1165 501 1216 sunt,
533 1175 791 1215 quamquam
823 1159 891 1200 his
925 1159 1001 1199 illa
1031 1172 1166 1213 neque
1193 1158 1526 1212 comprobantur
1552 1170 1689 1211 neque
1716 1157 1845 1210 expli-

152 1236 321 1288 cantur,
358 1233 398 1274 id
437 1232 549 1274 haud
590 1232 676 1273 3010
711 1246 765 1272 311
798 1230 934 1285 magis
969 1230 1021 1271 ad
1053 1228 1370 1284 neglegentiam
1405 1227 1618 1283 quandam
1652 1227 1740 1269 eius
1774 1228 1844 1282 qui

150 1305 424 1347 Danielinum
452 1303 803 1345 commentarium
830 1301 1045 1357 congessit
1065 1300 1350 1342 revocandum
1373 1300 1446 1353 sit,
1479 1314 1605 1353 quam
1628 1299 1679 1340 ad
1701 1299 1844 1340 iudicii

151 1376 510 1419 imbecillitatem:
543 1390 643 1416 nam
675 1389 782 1428 quae
816 1373 867 1415 ad
900 1373 1067 1427 vulgati
1095 1372 1246 1414 scholii
1272 1371 1527 1412 sententiam
1554 1386 1639 1412 non
1666 1373 1845 1424 possunt

151 1447 464 1490 adcommodari
512 1461 561 1488 ea
605 1445 657 1486 ad
702 1446 797 1499 ipsa
840 1447 992 1499 poetae
1036 1444 1186 1497 verba,
1231 1442 1280 1483 de
1319 1441 1473 1496 quibus
1512 1440 1845 1494 interpretandis

153 1520 311 1575 agitur,
344 1520 456 1559 recte
489 1502 740 1558 referuntur.
778 1515 978 1557 videntur
1003 1515 1136 1569 igitur
1163 1514 1345 1555 aliorum
1372 1513 1656 1567 interpretum
1684 1511 1847 1552 scholia

153 1605 260 1645 quae
280 1589 468 1644 vulgatis
490 1589 534 1630 in
554 1587 816 1643 plenioribus
838 1587 961 1627 libris
983 1585 1129 1627 addita
1149 1588 1247 1626 sunt
1266 1585 1425 1639 partim
1447 1598 1495 1624 ex
1517 1583 1847 1637 commentariis,

154 1661 312 1716 partim
333 1675 383 1702 ex
396 1659 647 1715 Vergiliano
669 1659 812 1713 aliquo
834 1657 1067 1712 exemplari
1086 1657 1223 1712 petita
1244 1670 1346 1710 esse,
1367 1655 1484 1697 cuius
1511 1655 1552 1695 in
1580 1654 1847 1709 marginibus

155 1733 218 1774 ita
251 1732 411 1786 scripta
444 1733 583 1784 erant,
626 1733 674 1771 ut
703 1729 864 1771 notulis
898 1727 1151 1783 quibusdam
1185 1726 1476 1780 significatum
1511 1728 1623 1767 esset
1655 1725 1707 1766 ad
1740 1739 1847 1779 quae

155 1806 306 1859 poetae
338 1802 466 1844 verba
492 1797 767 1856 pertinerent.
828 1799 1032 1854 plenioris
1067 1800 1208 1840 autem
1241 1797 1537 1839 commentarii
1571 1799 1721 1838 auctor
1753 1811 1848 1837 cum

155 1874 320 1930 vulgati
359 1873 508 1915 scholii
551 1873 708 1914 lemma
748 1874 822 1913 aut
859 1886 953 1913 cum
994 1870 1131 1912 alieno
1170 1871 1373 1911 lemmate
1411 1869 1650 1911 consentire
1684 1869 1757 1909 aut
1789 1867 1849 1908 eis

156 1945 297 1987 verbis
330 1944 539 1986 contineri
571 1943 743 1985 videbat
769 1943 820 1984 ad
848 1957 953 1997 quae
981 1942 1167 1983 alienum
1195 1941 1405 1982 scholium
1432 1941 1475 1981 111
1495 1939 1748 1994 Vergiliano
1774 1938 1848 1980 illo

157 2017 268 2058 libro
290 2016 553 2070 adscriptum
574 2017 682 2069 erat,
715 2014 903 2068 vulgatis
929 2027 1041 2054 nova
1069 2012 1320 2067 simpliciter
1346 2012 1500 2053 adiecit
1524 2026 1660 2065 neque
1688 2010 1853 2052 curavit

158 2087 490 2140 coniunctiones,
524 2100 631 2140 quae
659 2086 711 2126 ad
725 2084 908 2140 Vergilii
934 2084 1065 2126 verba
1098 2084 1324 2138 adaptatae
1357 2086 1514 2137 essent,
1545 2097 1645 2123 num
1680 2081 1847 2122 eaedem

159 2159 208 2200 ad
243 2159 517 2214 vulgatorum
550 2156 807 2198 sententiam
839 2155 1124 2197 convenirent.
1186 2157 1234 2196 ut
1266 2154 1471 2208 exemplis
1499 2167 1588 2194 rem
1614 2153 1852 2206 inlustrem,

158 2230 212 2272 ad
234 2230 336 2271 Aen.
356 2229 376 2270 I
399 2229 480 2270 123
509 2227 678 2270 Servius
705 2227 928 2269 adnotavit
953 2226 1133 2267 imbrem
1164 2226 1246 2267 dici
1272 2240 1464 2266 umorem
1486 2239 1655 2266 omnem
1676 2237 1851 2277 eamque

159 2300 507 2342 consuetudinem
533 2299 720 2340 Lucretii
745 2312 870 2339 versu
898 2297 1082 2351 quodam
1109 2298 1441 2338 commemorato
1468 2294 1677 2349 probavit.
1711 2294 1850 2335 verbis

161 2386 268 2427 (1030
307 2374 406 2413 sunt
436 2371 562 2412 imber
593 2371 742 2412 dicitur
773 2369 905 2411 ommis
935 2382 1053 2409 umor
1084 2368 1127 2408 in
1161 2366 1411 2408 Cassellano
1445 2368 1486 2407 et
1518 2365 1713 2406 Parisino
1747 2365 1851 2406 satis

161 2443 304 2497 inepte
340 2443 446 2483 haec
487 2441 686 2483 adiuncta
726 2442 823 2482 sunt
860 2443 1003 2481 veteres
1040 2439 1148 2480 cm‘m
1187 2452 1343 2479 omnem
1374 2451 1526 2490 aquam
1558 2436 1724 2478 imbrem
1755 2437 1853 2476 dice-

161 2515 268 2556 baut.
330 2513 583 2556 Lucretiano
623 2514 766 2554 autem
801 2511 994 2565 exemplo
1028 2511 1073 2551 in
1104 2510 1224 2551 libris
1256 2509 1342 2550 illis
1376 2508 1568 2550 additum
1602 2510 1666 2548 est
1697 2506 1853 2548 Ennia-

161 2601 281 2639 num,
319 2584 450 2639 quod,
489 2599 582 2626 cum
622 2598 697 2638 pro
732 2598 860 2638 aqua
892 2582 1060 2623 marina
1090 2581 1280 2622 Ennium
1314 2578 1491 2620 ‘imber’
1524 2578 1681 2619 dixisse
1715 2580 1852 2619 osten-

164 2657 288 2698 datur
327 2659 368 2697 et
399 2656 510 2697 inter
542 2657 705 2696 veteres
737 2653 902 2695 Ennius
945 2655 1210 2707 numeretur,
1250 2651 1354 2693 olim
1387 2650 1555 2691 videtur
1587 2664 1680 2691 cum
1714 2648 1853 2690 verbis

165 2742 272 2783 quae
312 2729 410 2769 sunt
446 2731 590 2769 veteres
621 2761 629 2768 .
657 2760 665 2768 .
693 2760 700 2767 .
732 2726 916 2768 dicebant
947 2725 1220 2766 coniunctum
1252 2722 1396 2763 fuisse.
1458 2721 1604 2774 itaque
1638 2735 1743 2773 quae
1776 2720 1852 2760 im-

162 2798 392 2853 prudenter
422 2797 602 2839 disiecta
635 2800 756 2838 erant
787 2797 832 2838 in
863 2811 994 2837 unum
1027 2795 1236 2837 scholium
1269 2792 1459 2846 restitui,
1499 2794 1546 2832 ut
1579 2789 1735 2831 ‘enim’
1768 2804 1854 2830 non

166 2871 217 2911 ad
239 2867 385 2924 Servii,
418 2868 489 2910 sed
522 2868 575 2910 ad
600 2868 734 2922 ipsius
761 2869 912 2921 poetae
939 2867 1069 2908 verba
1094 2865 1338 2907 referretur.
1381 2863 1577 2904 similiter
1605 2861 1652 2902 de
1680 2860 1855 2902 scholiis

166 2940 218 2981 ad
255 2940 360 2981 Aen.
391 2938 411 2980 I
446 2940 529 2981 134
567 2939 811 2993 adscriptis,
851 2938 925 2979 ubi
965 2936 1119 2979 ‘enim'
1160 2936 1212 2977 ad
1252 2935 1426 2988 vulgata
1463 2933 1580 2973 nullo
1622 2933 1745 2973 modo
1789 2932 1856 2973 ad-

166 3010 427 3052 commodari
459 3013 620 3064 potest,
652 3013 695 3052 et
726 3010 775 3051 de
801 3009 867 3050 his
894 3008 1168 3050 iudicandum
1194 3006 1362 3048 videtur
1388 3018 1494 3058 quae
1522 3003 1703 3057 exempli
1731 3018 1858 3044 causa

168 3096 471 3123 commemoro:
505 3081 610 3124 Aen.
643 3081 662 3121 I
695 3082 762 3131 37,
799 3081 892 3134 130,
924 3080 1021 3134 259,
1054 3079 1151 3132 293,
1185 3077 1282 3130 297,
1314 3076 1411 3129 423,
1444 3075 1541 3128 481,
1576 3074 1670 3115 704.
1717 3073 1758 3115 ΙΙ
1795 3075 1859 3127 16,
