2204 3437
391 191 446 233 38
1155 185 1313 221 SERVII

391 298 587 341 Aeneas
614 298 845 353 rapidum
872 297 931 338 acl
955 310 1108 338 naves
1135 293 1428 350 praemittit
1447 291 1706 334 Achatem.
1756 291 1921 346 ellipsis
1943 293 2086 333 autem

393 373 458 412 est
490 369 686 424 quotiens
717 368 896 410 remotis
926 366 1194 420 interpositis
1220 365 1340 407 deest
1366 362 1543 418 aliquid,
1576 365 1623 404 ut
1654 364 1720 404 est
1752 377 1874 417 quos
1909 376 1997 417 ego
2037 384 2086 391 —

392 443 511 496 post
548 439 673 481 mihi
710 453 807 480 non
845 438 1009 479 simili
1046 451 1226 492 poena3
1267 436 1386 477 deest
1423 433 1536 474 enim
1568 432 1826 487 ‘adfligam'.
1945 434 2084 484 AEOLE]

391 525 491 554 sane
521 510 683 563 antiqua·
720 509 900 562 quotiens
931 522 958 549 a
988 507 1213 549 one‘uoribus
1250 505 1482 558 beneficium
1509 503 1709 556 petebant,
1741 517 1768 543 a
1798 503 1959 544 nomine
1991 503 2089 544 inci-

347 591 366 621 5
385 582 570 636 piebem,
602 583 640 622 et
669 583 756 622 erat
778 579 1018 620 honoratius
1042 579 1079 620 si
1103 591 1248 619 nomen
1282 577 1410 629 ipsius
1440 577 1534 615 ante
1557 573 1825 627 praeferrent.
1939 585 2088 615 DIVVM

329 944 370 974 10

333 1298 374 1328 15

334 1651 378 1681 ‘20

393 664 541 694 PATER
573 662 729 700 ATQVE
760 660 979 691 HOMINVM
1011 660 1102 689 REX
1132 647 1330 701 Iuppiter.
1375 649 1412 687 ct
1435 643 1698 699 periphrasis
1726 645 1808 696 est,
1841 643 1883 684 icl
1915 646 1981 684 est
2013 643 2089 684 cir-

395 721 663 765 cumlocutio.
715 719 867 774 ‘pater’
894 723 1029 761 autem
1055 733 1081 760 a
1108 719 1281 772 Vevffl'lc'o
1307 717 1363 758 acl
1385 716 1645 758 eminentia-m
1663 715 1853 769 ponitur,
1884 717 1930 755 ut
1947 717 2091 767 pater

395 793 587 835 Aeneas
619 795 654 834 et
681 794 828 845 pater
859 790 1194 844 Appen-ninus.

514 864 582 905 66.
637 875 696 903 ΕΤ
738 873 951 903 MVLCERE
996 872 1137 901 DEDIT
1182 870 1385 900 ancrvs
1427 860 1736 899 ET‘TOLLERE
1777 868 1932 897 VENTo
1978 855 2093 897 aliud

396 935 553 990 pendet
591 948 640 974 ex
679 933 783 987 alio3
823 947 923 974 nani
962 931 1033 986 qui
1071 932 1215 985 potest
1255 929 1458 982 mulcere⁷
1496 930 1640 982 potest
1673 930 1716 969 et
1746 927 1915 981 tollere,
1953 926 1994 967 id
2029 928 2093 967 est

399 1006 561 1060 erigere
593 1005 637 1046 in
668 1005 981 1058 tempestatem.
1040 1000 1251 1043 ‘mulcere'
1278 1003 1413 1041 autem
1437 999 1623 1041 delenire.
1670 998 1764 1040 ln'nc
1788 997 1965 1039 mulsum
1989 996 2096 1049 quod

398 1077 604 1119 dulcedine
641 1075 801 1117 animos
833 1077 991 1116 nostros
1024 1072 1282 1126 permulceat.
1336 1071 1413 1112 alit
1450 1068 1659 1111 ‘mulcere’
1698 1069 1899 1121 utalaam,
1938 1067 2096 1108 mollire

398 1148 457 1190 vel
484 1148 626 1200 fovere.

520 1218 587 1259 67.
637 1228 752 1259 GENS
791 1230 930 1257 sermo
969 1214 1038 1255 hic
1078 1216 1121 1255 et
1158 1212 1378 1254 nationem
1417 1211 1630 1267 significat
1670 1212 1711 1252 et
1750 1209 1978 1262 familiam,
2023 1207 2096 1249 sed

400 1303 511 1331 nunc
551 1288 603 1329 ad
646 1289 873 1340 utrumque
911 1286 1056 1338 potest
1092 1283 1254 1325 referri.
1320 1297 1421 1324 nam
1465 1283 1539 1323 aut
1583 1281 1634 1322 ad
1678 1281 1888 1321 familiam
1927 1278 2096 1320 Aeneae

403 1362 476 1401 aut
520 1359 571 1400 ad
610 1358 843 1399 Troianam
888 1358 1060 1410 gentem
1104 1354 1299 1395 refertur.
1435 1353 1690 1403 rrmfflfflmz]
1734 1349 1968 1404 Tyrrhenus
2006 1362 2097 1390 cum

399 1430 531 1483 fratre
561 1429 675 1482 Lydo
706 1441 875 1481 reanum
905 1440 952 1468 ca
986 1425 1236 1479 indulyentia
1268 1423 1410 1477 tenuit,
1450 1425 1497 1463 ut
1527 1423 1667 1476 inglens
1701 1421 1930 1475 frequentia
1953 1419 2099 1473 populi

402 1501 466 1542 his
491 1501 753 1553 contingeret:
784 1511 885 1551 quae
905 1510 1029 1539 causa
1049 1509 1251 1537 summam
1271 1508 1407 1536 rerum
1431 1494 1526 1546 fecit
1548 1493 1750 1546 inopiam„
1781 1492 1894 1533 nullo
1912 1491 2099 1545 patriam

403 1571 651 1623 relinquente
683 1572 756 1609 aut
785 1568 936 1609 colente
959 1566 1236 1620 pereyrlnarz',
1275 1565 1373 1617 quia
1405 1567 1521 1605 tanta
1552 1563 1710 1605 bonitas
1740 1566 1826 1604 erat
1856 1563 1901 1603 ‘in
1932 1561 2100 1615 reye'bus.

405 1641 619 1684 consilium
644 1640 771 1693 iyitur
794 1638 1038 1688 lzabuermzt,
1072 1640 1117 1677 ut
1140 1637 1291 1689 partiti
1318 1635 1495 1685 turham,
1521 1648 1642 1688 quam
1664 1634 1770 1675 alere
1794 1647 1876 1675 non
1900 1635 2101 1686 poteraut,

405 1712 574 1754 alternis
604 1710 741 1752 dicbus
772 1709 1015 1750 abstinerent
1038 1722 1064 1749 a
1090 1707 1186 1748 cibis
1212 1706 1440 1758 lusibusque
1470 1708 1691 1746 vacaretur.
1741 1707 1859 1757 atque
1883 1703 1958 1743 leae
1984 1703 2101 1744 lasel-

405 1784 475 1824 vz'a
505 1783 828 1835 excofflftaverunt
859 1780 1034 1821 talorum
1055 1782 1371 1829 tesserarumque
1389 1777 1520 1818 iactus
1546 1776 1734 1829 pilaeque
1760 1775 1894 1817 lusum
1919 1777 1956 1815 ct
1980 1773 2103 1815 tibiae

407 1854 722 1895 modulationem
765 1854 801 1892 ct
843 1853 1074 1892 concentum
1116 1847 1375 1901 symphoniae
1424 1847 1706 1899 tubarumque,
1756 1846 1899 1898 qulbus
1947 1844 2103 1885 avocati

408 1925 508 1965 cives
537 1923 705 1975 facilius
736 1922 952 1963 tolerarent
980 1920 1190 1961 ficientium.
1240 1918 1453 1959 novissime
1480 1920 1614 1958 tamen
1639 1917 1737 1969 quia
1766 1915 1947 1956 vincebat
1976 1928 2102 1956 neees-

409 1995 510 2038 se'tas
543 2007 611 2035 nec
642 1993 729 2035 ulla
760 1992 930 2034 consilia
959 1991 1111 2043 famem
1136 1989 1373 2040 relevarent,
1405 1988 1539 2030 sortiti
1568 1990 1678 2040 sunt,
1711 1989 1798 2027 uter
1828 1999 1877 2027 ecc
1905 1986 2105 2038 fratribus

411 2079 500 2107 cum
530 2068 650 2118 parte
679 2063 826 2116 populi
862 2061 990 2103 abiret
1025 2062 1067 2101 in
1098 2073 1200 2113 quas
1230 2073 1317 2101 sors
1349 2061 1478 2100 terras
1509 2058 1687 2099 (ledisset.
1748 2070 1839 2098 eum
1875 2055 2105 2109 Tyrrhemts

508 2185 524 2214 1
553 2179 711 2224 Aeneas]
739 2180 780 2214 A.
802 2179 817 2212 I
839 2182 904 2212 643
924 2179 936 2222 ΙΙ
956 2182 974 2211 9.
997 2188 1087 2220 quos
1113 2176 1199 2221 ego]
1227 2177 1269 2210 A.
1291 2176 1306 2208 Ι
1328 2178 1392 2209 135
1413 2175 1424 2218 ΙΙ
1443 2178 1464 2208 4
1485 2184 1571 2208 sane
1597 2172 1742 2216 antiqui
1769 2200 1775 2206 .
1799 2199 1806 2205 .
1829 2199 1836 2206 .
1862 2171 2104 2216 praeferrent]

411 2229 503 2262 Don.
530 2227 578 2262 ad
603 2227 684 2262 Ter.
711 2226 768 2260 ad.
795 2226 827 2259 V
855 2230 886 2267 6,
913 2230 932 2258 3
960 2225 998 2258 et
1024 2228 1043 2258 6
1069 2224 1080 2267 ΙΙ
1108 2226 1128 2256 8
1155 2224 1259 2267 pater
1285 2222 1516 2266 Appeninus]
1543 2221 1584 2254 A.
1611 2219 1680 2253 XII
1708 2223 1772 2254 703
1799 2220 1811 2263 ΙΙ
1845 2223 1887 2252 14
1913 2231 1999 2253 GENS
2027 2246 2033 2253 .
2062 2245 2070 2253 .
2097 2246 2105 2254 .

412 2275 556 2320 referri]
579 2274 659 2308 Isid.
681 2272 756 2307 diff.
778 2285 809 2307 v.
831 2276 898 2306 270
917 2273 929 2316 ΙΙ
951 2275 992 2306 16
1015 2270 1224 2315 Tyrrhenus
1245 2280 1274 2303 c.
1291 2281 1324 2313 q.
1339 2269 1382 2314 s.]
1406 2267 1538 2303 Herod.
1561 2268 1577 2301 I
1597 2271 1651 2301 94.
1679 2266 1785 2301 Dion.
1806 2265 1888 2300 Hal.
1910 2276 1941 2300 a.
1962 2265 2004 2301 R.
2026 2266 2041 2299 Ι
2061 2269 2103 2299 27

512 2386 526 2415 1
556 2381 713 2415 achaten
738 2378 877 2412 BME
899 2379 911 2422 ΙΙ
937 2375 1082 2420 eclipsis
1108 2375 1242 2409 LME
1265 2376 1276 2420 Η
1303 2376 1427 2409 autem
1453 2384 1518 2408 om.
1545 2373 1587 2407 K
1607 2374 1618 2417 ΙΙ
1650 2377 1669 2407 2
1697 2373 1753 2407 est
1779 2383 1843 2407 om.
1871 2372 1903 2405 L
1927 2372 1939 2416 ΙΙ
1965 2370 2106 2415 aliquid

416 2425 490 2463 ἀπὸ
517 2428 582 2462 τοῦ
612 2424 794 2461 ἐκλείπειν
814 2425 852 2458 D
870 2426 882 2469 ΙΙ
903 2428 921 2458 6
945 2423 1133 2468 perifrasjs
1160 2424 1216 2457 est
1241 2422 1277 2455 id
1305 2423 1361 2456 est
1387 2420 1661 2456 circumlocutio
1682 2418 1889 2462 BO*PM‚
1915 2419 1989 2452 nisi
2014 2419 2108 2462 quod

417 2477 473 2511 est
502 2474 689 2520 perifrasis
722 2472 816 2507 0³⁵1>
858 2470 1131 2505 circumlocutio
1163 2469 1201 2503 id
1233 2470 1289 2503 cst
1319 2468 1507 2513 perifrasis
1538 2467 1681 2508 KLE,
1718 2467 1792 2500 nisi
1823 2466 1918 2510 quod
1955 2464 2107 2499 circum-

415 2523 555 2557 locutio
582 2523 636 2555 est
661 2521 694 2554 L
712 2522 724 2565 ΙΙ
744 2518 1020 2554 circumlocutio
1045 2514 1163 2560 πατὴρ
1189 2513 1338 2559 ἀνδρῶν
1358 2528 1395 2549 τε
1416 2515 1520 2548 θεῶν
1540 2527 1577 2548 τε
1600 2514 1799 2548 Fabricius
1817 2514 1828 2557 ΙΙ
1849 2516 1867 2546 7
1895 2523 1917 2546 a
1942 2523 2006 2546 om.
2029 2511 2079 2546 Ο*
2100 2511 2110 2552 3}

418 2575 437 2604 9
465 2570 512 2603 acl
531 2580 562 2603 v.
585 2573 627 2603 66
654 2567 702 2601 Ε1
727 2566 887 2600 mulcere
908 2565 1009 2599 dedit
1028 2564 1159 2598 fluctus
1180 2564 1216 2597 et
1235 2563 1366 2597 tollere
1385 2562 1512 2606 uento]
1540 2561 1641 2595 aliud
1667 2587 1674 2593 .
1697 2589 1703 2595 .
1728 2589 1734 2595 .
1761 2560 1902 2594 tollere.
1947 2558 2108 2593 mulcere

418 2618 541 2651 autem
566 2614 719 2649 delinire
740 2612 954 2656 (declinare)
976 2640 982 2647 .
1001 2639 1007 2645 .
1024 2639 1030 2645 .
1050 2611 1185 2645 fouere.
1210 2611 1272 2653 1²11
1296 2614 1336 2643 14
1363 2610 1410 2643 ad
1432 2620 1460 2642 υ.
1477 2613 1518 2643 67
1542 2607 1653 2653 Gens]
1675 2607 1787 2641 natio.
1825 2605 1918 2639 Mihi
1939 2604 2107 2649 nauigat]

418 2663 457 2698 id
490 2664 544 2697 est
574 2662 612 2696 in
645 2672 768 2695 meum
800 2659 974 2693 dolorem.
1026 2658 1272 2702 Tyrrhenum]
1306 2668 1328 2690 a
1359 2656 1547 2699 Tyrrheno
1580 2654 1758 2698 quodam,
1794 2653 1858 2697 (1111
1889 2663 2109 2686 summersus

420 2712 499 2744 erat
523 2709 560 2743 in
586 2708 680 2742 mari
706 2707 803 2751 quod
824 2706 994 2740 Tusciam
1020 2704 1143 2746 alluit,
1170 2704 1271 2737 cuius
1297 2703 1392 2737 filius
1414 2703 1551 2736 Tuscus
1578 2702 1663 2745 fuit,
1690 2712 1712 2735 a
1731 2711 1803 2744 quo
1825 2699 1966 2734 Tuscia.
2006 2698 2111 2733 Sorte

420 2757 541 2800 (forte)
568 2758 692 2790 autem
724 2753 874 2788 recessit
898 2752 1107 2797 Tyrrhenus
1134 2762 1155 2785 a
1180 2751 1291 2784 fratre
1329 2760 1392 2784 suo
1426 2750 1543 2793 Lydo:
1576 2759 1752 2792 quaerens
1784 2746 1943 2781 alienum
1974 2747 2110 2780 terram

420 2803 561 2838 dimisit
592 2814 696 2837 suam
727 2810 955 2845 regnumque
987 2798 1100 2833 fratri.
1157 2797 1218 2831 sed
1254 2797 1445 2841 praeuenit
1476 2794 1677 2830 submersio
1714 2794 1831 2836 illius,
1871 2793 1989 2828 euasit
2023 2802 2110 2826 uero

419 2851 516 2886 filius
542 2849 637 2890 eius,
670 2847 854 2883 habitauit
878 2846 916 2880 in
942 2845 1086 2880 Tuscia.
1117 2845 1151 2878 P
1174 2846 1186 2888 ΙΙ
1219 2848 1260 2878 16
1288 2857 1494 2877 Trnmncxvn
1520 2843 1735 2887 tyrrhenum
1761 2851 1860 2875 mare
1887 2840 2026 2874 dictum
2057 2840 2112 2872 est

420 2898 482 2932 uel
514 2897 611 2941 quod
643 2896 800 2930 tusciam
831 2893 949 2928 adluit
978 2892 1016 2926 id
1050 2893 1105 2926 est
1135 2890 1372 2935 tyrrheniam.
1423 2890 1616 2933 tyrrhenus
1648 2889 1745 2922 enim
1772 2915 1778 2921 .
1807 2915 1813 2921 .
1842 2916 1849 2922 .
1876 2897 1969 2931 quae
1997 2886 2042 2920 ab
2069 2896 2111 2919 eo

421 2955 555 2979 nomen
581 2943 753 2987 accepit·
784 2941 844 2975 1101
870 2942 968 2975 certe
995 2950 1017 2973 a
1041 2939 1225 2983 tyrrhenis
1253 2937 1282 2972 (J
1310 2939 1321 2981 11
1354 2937 1563 2980 Tyrrhenus
1590 2963 1597 2969 .
1625 2963 1632 2969 .
1660 2962 1666 2968 .
1695 2934 1838 2979 accepit
1861 2934 1964 2967 habet
1988 2943 2112 2976 margo

423 2991 636 3034 eaeemplaris
660 2989 882 3024 Base'leensis
907 2987 1075 3021 Danielis
1101 2996 1212 3019 manu
1236 2985 1372 3027 scripta
1397 2985 1408 3027 ΙΙ
1436 2989 1476 3018 17
1505 2983 1560 3017 his
1585 2982 1713 3026 populi
1739 2981 1873 3015 Daniel
1897 2981 1909 3024 ΙΙ
1934 2984 1976 3014 21
2003 2989 2111 3013 uaca-

424 3043 524 3072 retur
545 3038 696 3071 Daniel:
722 3036 941 3070 bacar-entur
967 3034 997 3068 G
1032 3032 1208 3067 uacarent
1235 3031 1471 3065 Commellnus
1508 3029 1774 3063 baccharentur
1800 3028 1897 3061 Lion
1920 3027 1932 3071 Η
1958 3030 2000 3060 23
2027 3036 2111 3060 avo-

426 3084 498 3118 cati
526 3084 750 3117 Munekerus
775 3083 823 3117 ad
849 3082 945 3126 Hya.
965 3081 1039 3123 fab.
1059 3083 1144 3114 274:
1172 3078 1343 3112 aduocati
1370 3077 1399 3111 C
1422 3081 1452 3111 et
1478 3076 1614 3110 Daniel
1632 3076 1644 3120 {l
1663 3078 1708 3108 24
1734 3073 1922 3109 novissimi
1947 3073 2083 3107 Daniel
2102 3072 2113 3117 ’11

426 3135 469 3166 ‘26
497 3142 580 3164 cuni
605 3129 830 3175 Tyrrhenus]
861 3130 898 3162 01
923 3127 1130 3173 Tyrrhenus
1158 3125 1293 3159 Daueel
