2204 3437
820 184 1103 220 PRAEFATIO.
1761 188 1805 220 LI

116 295 262 346 edidit,
303 309 439 349 neque
483 310 507 335 a
548 310 615 335 me
654 309 750 336 cum
792 308 904 335 anno
940 292 1051 334 1856
1092 293 1280 346 primum
1319 293 1368 333 de
1409 292 1555 334 Servio
1594 310 1804 336 commcn—

115 366 240 407 tabar
279 379 328 406 ea
366 379 431 406 res
472 365 691 420 profligari
729 363 890 419 potuit,
932 363 1031 417 quia
1069 361 1261 404 Danielis
1303 363 1522 417 exemplar
1561 364 1682 405 nobis
1721 381 1806 406 11011

114 438 286 492 praesto
321 437 421 477 erat.
477 438 650 490 poterat
675 435 814 476 videre
842 434 954 489 quod
980 448 1128 475 verum
1155 435 1220 474 est
1245 433 1501 475 Thomasius
1535 433 1550 482 <
1555 434 1606 475 cf.
1639 437 1806 489 supple-

113 509 230 548 ment
262 521 333 547 sur
365 507 404 547 le
436 506 653 548 Parisinus
676 506 788 547 7929
810 507 852 545 et
884 504 1088 558 quelques
1121 504 1379 545 manuscrits
1413 504 1646 559 etrangers.
1681 506 1802 547 Paris

116 578 227 619 1879
265 592 304 631 p.
343 578 396 618 21
438 576 567 632 sqq),
612 577 646 618 si
688 575 903 617 Danielini
951 575 1205 629 exemplaris
1251 575 1482 629 appendice
1527 577 1569 615 et
1612 575 1804 617 Danielis

114 647 282 690 schedis
313 647 359 688 in
384 647 592 689 Bernensi
619 646 881 688 bibliotheca
909 646 1106 700 servatis,
1135 660 1240 700 quas
1268 645 1471 699 inspexit,
1503 646 1566 686 uti
1594 646 1806 687 scivisset:

114 719 225 773 quod
257 734 352 760 cum
384 719 583 772 nesciret,
616 717 797 758 nimium
829 717 982 758 tribuit
1016 715 1278 769 Schubartii,
1311 716 1390 757 viri
1423 717 1698 771 venerabilis,
1732 717 1805 758 du-

112 789 412 843 bitationibus,
445 804 549 844 quas
581 789 617 829 is
650 803 817 830 mecum
856 802 1024 842 quoque
1058 787 1161 828 olim
1194 801 1269 841 per
1302 787 1472 828 litteras
1498 787 1806 830 humanissime

113 861 456 902 communicavit.

230 930 382 972 Petrus
421 930 573 972 Daniel
613 930 746 985 igitur
785 945 809 971 a
840 929 1067 970 Francisco
1106 928 1269 982 Modio,
1308 943 1432 982 quem
1472 929 1636 983 aliquot
1673 945 1806 971 annos

111 1002 270 1044 Fuldae
302 1004 519 1043 moratum
552 1016 642 1042 esse
675 1003 863 1054 constat,
895 1000 1106 1041 audivisse
1133 999 1301 1041 videtur
1329 998 1463 1040 Servii
1498 1000 1685 1040 codicem
1719 1001 1806 1041 vul-

113 1073 225 1127 gatis
269 1072 506 1127 pleniorem
547 1072 592 1112 in
633 1071 861 1113 Fuldensis
901 1072 1134 1112 conventus
1178 1069 1441 1111 bibliotheca
1485 1073 1648 1112 extare:
1694 1074 1806 1112 certe

112 1144 303 1186 Modium
336 1143 531 1199 precibus
566 1143 688 1197 adiit,
720 1145 767 1183 ut
800 1141 1046 1196 speciminis
1080 1155 1208 1182 causa
1242 1155 1291 1181 ex
1324 1155 1371 1181 eo
1399 1141 1543 1183 codice
1574 1157 1661 1183 11011
1687 1143 1807 1184 nulla

112 1218 369 1270 excerperet.
425 1214 589 1269 petenti
623 1213 704 1255 sibi
737 1213 841 1255 satis
881 1213 1042 1254 factum
1084 1226 1177 1253 esse
1215 1211 1370 1252 Daniel
1409 1227 1495 1253 11011
1534 1215 1599 1253 est
1637 1214 1806 1268 publice

112 1288 313 1339 testatus,
347 1285 420 1327 sed
452 1286 495 1326 in
527 1285 734 1326 Bernensi
760 1284 904 1326 codiee
934 1285 1034 1338 189,
1068 1298 1150 1339 quo
1178 1298 1278 1337 pars
1307 1283 1558 1324 schedarum
1591 1284 1681 1325 eius
1710 1299 1807 1325 con-

111 1357 289 1411 tinetur,
334 1359 537 1411 quattuor
585 1355 860 1397 inveniuntur
911 1369 1057 1396 eorum
1109 1369 1217 1409 quae
1268 1369 1403 1395 novae
1450 1354 1585 1395 Servii
1632 1355 1806 1396 editioni

111 1427 383 1482 praefaturus
419 1429 510 1468 erat
542 1426 853 1468 commentarii.
898 1429 1024 1480 atque
1052 1425 1095 1466 in
1121 1426 1260 1480 primo
1296 1427 1500 1479 quattuor
1532 1425 1650 1466 libris
1678 1441 1807 1467 manu

112 1498 282 1553 scriptis
316 1513 360 1540 se
392 1513 516 1539 usum
545 1512 635 1539 esse
667 1497 909 1552 profitetur:
960 1497 1129 1551 gallicis
1167 1497 1324 1550 tribus,
1362 1494 1622 1537 Floria'censi
1657 1496 1805 1538 Lemo—

111 1570 270 1612 vicensi
302 1569 689 1623 Autissiodorensi,
722 1583 805 1619 uno
839 1568 1084 1623 germanico
1112 1582 1133 1608 e
1161 1567 1340 1621 collegio
1374 1566 1592 1621 Fuldensi3
1625 1567 1657 1607 F
1662 1568 1805 1608 ulden-

111 1655 201 1682 sem
232 1643 379 1682 tamen
410 1655 497 1682 non
530 1655 573 1681 se
605 1640 796 1694 potuisse
828 1639 970 1694 ipsum
997 1638 1224 1692 inspicere,
1257 1638 1328 1679 sed
1349 1640 1521 1691 praesto
1543 1638 1673 1679 fuisse
1701 1653 1806 1692 quae

110 1711 362 1753 Franciscus
394 1710 562 1752 Modius
595 1711 691 1752 inde
725 1710 1015 1765 excerpsisset.
1066 1710 1109 1750 in
1136 1710 1269 1750 altero
1297 1709 1605 1750 commentario
1639 1710 1808 1750 additur

110 1782 457 1824 Lemovicensem
503 1781 560 1823 ad·
599 1782 795 1823 bucolica
839 1783 880 1822 et
918 1780 1137 1835 georgica,
1182 1779 1498 1821 Floriaeensem
1545 1779 1597 1820 ad
1643 1780 1807 1835 aliquot

111 1838 342 1909 georgicon
381 1854 422 1893 et
463 1852 674 1894 Aeneidos
714 1853 851 1906 locos,
895 1851 1314 1892 Autissiodorensem
1353 1851 1404 1891 ad
1444 1865 1613 1892 omnem
1652 1850 1805 1892 Aenei-

110 1925 206 1965 dem
252 1924 559 1965 emendandam
602 1923 843 1964 adhibitum
886 1937 992 1963 esse:
1036 1925 1128 1963 tum
1176 1921 1397 1976 ‘excerpta
1435 1936 1459 1962 a
1497 1921 1563 1962 Fr.
1603 1921 1745 1962 Modio
1785 1938 1805 1962 e

109 1995 274 2036 duobus
313 1994 436 2036 libris
474 1993 710 2049 prioribus'
757 1996 1164 2047 commemorantur,
1204 1993 1357 2047 quibus
1397 1992 1537 2033 verbis
1578 1993 1805 2033 asteriscus

110 2065 302 2120 adpictus
337 2067 418 2119 est,
452 2065 518 2106 cui
550 2064 594 2105 in
626 2065 819 2119 margine
851 2064 1008 2105 iterato
1041 2064 1145 2106 haec
1173 2064 1369 2118 adposita
1397 2065 1512 2104 sunt:
1546 2062 1695 2104 ‘BINIO
1728 2063 1805 2103 ful-

110 2135 248 2178 dens’.
304 2136 348 2177 in
378 2135 508 2177 tertio
542 2135 850 2177 commentario
892 2135 1029 2176 eidem
1068 2135 1167 2175 libri
1204 2134 1498 2186 nominantur,
1536 2134 1669 2175 Modii
1708 2149 1805 2175 vero

109 2208 228 2248 nulla
259 2208 309 2247 fit
346 2207 518 2248 mentio.
583 2209 785 2260 quartum
824 2206 1041 2260 exemplar
1082 2220 1177 2247 cum
1219 2205 1332 2246 edito
1373 2206 1602 2246 consentit:
1641 2206 1685 2246 in
1722 2220 1804 2259 quo

111 2278 324 2320 codicibus
365 2292 493 2331 supra
534 2277 880 2319 commemoratis
924 2277 1098 2331 quintus
1142 2276 1311 2318 additur
1356 2276 1633 2330 Turonensis,
1672 2276 1804 2318 Modii

109 2349 361 2391 beneficium
391 2348 496 2389 item
523 2348 748 2390 omittitur.

227 2419 383 2460 Mirum
416 2422 481 2460 est
514 2419 625 2473 quod
657 2418 830 2472 Daniel,
870 2418 950 2459 etsi
988 2419 1031 2459 in
1068 2418 1333 2472 praefatione
1371 2416 1572 2460 Fu'ldensi
1606 2434 1649 2459 se
1682 2433 1804 2459 usum

110 2505 201 2532 esse
235 2489 358 2544 dixit,
390 2504 438 2531 ea
471 2504 578 2544 quae
612 2505 636 2530 a
667 2490 810 2531 Modio
845 2492 1067 2544 acceperat
1099 2490 1143 2530 in
1170 2492 1417 2531 contextum
1451 2490 1705 2544 exemplaris
1741 2490 1805 2529 sui

109 2576 195 2603 non
226 2561 405 2615 recepit3
444 2575 543 2602 nam
583 2561 635 2601 ad
667 2560 687 2601 I
720 2562 805 2602 340
842 2564 1013 2602 tantum
1055 2559 1180 2616 (quod
1216 2575 1306 2602 cum
1437 2558 1631 2615 fiuycbat)
1672 2562 1714 2600 et
1753 2560 1803 2600 ad

109 2632 128 2673 I
163 2633 244 2674 719
280 2647 369 2686 sqq.
402 2646 423 2672 e
456 2631 720 2685 plenioribus
754 2632 874 2673 libris
909 2631 1024 2673 edita
1055 2631 1199 2672 inveni
1233 2647 1340 2686 quae
1368 2646 1453 2673 non
1487 2634 1586 2671 sunt
1618 2631 1662 2670 in
1688 2630 1804 2671 Pari-

111 2703 202 2744 sino
239 2702 362 2744 1750.
419 2702 492 2743 sed
529 2704 696 2756 partem
741 2705 854 2744 certe
895 2717 1042 2743 eorum
1085 2718 1191 2757 quae
1229 2702 1398 2744 Modius
1439 2718 1460 2743 e
1499 2702 1697 2742 Fuldensi
1737 2716 1803 2742 ex-

111 2773 270 2827 scripta
307 2773 484 2814 miserat
521 2774 566 2814 in
603 2773 822 2828 margines
868 2774 1123 2827 exemplaris
1162 2773 1406 2815 Fabriciani
1446 2789 1480 2814 a.
1518 2774 1640 2826 1:386,
1691 2772 1802 2826 quod

110 2844 236 2885 hodie
280 2844 324 2885 in
363 2843 569 2885 Bernensi
607 2844 871 2886 bibliotheca
918 2845 1168 2885 adserva-tur
1210 2847 1252 2886 et
1291 2844 1337 2885 O.
1377 2844 1429 2885 51
1472 2846 1620 2883 notam
1662 2843 1804 2895 habet,

111 2915 334 2957 transtulit
366 2917 494 2970 atque
538 2916 599 2957 ita
631 2915 819 2970 quidem,
857 2918 904 2956 ut
942 2930 1028 2956 non
1059 2915 1191 2956 nullis
1226 2915 1330 2957 locis
1365 2930 1386 2955 e
1419 2914 1558 2954 codice
1600 2912 1802 2952 Fuldensi

112 3000 160 3027 ea
192 2985 328 3040 petita
362 3000 453 3027 esse
488 2986 760 3040 significaret.
773 2984 803 3041 1)
860 2985 989 3040 quid?
1036 2985 1147 3040 quod
1180 2984 1232 3026 ad
1265 2984 1370 3026 Aen.
1402 2984 1421 3024 I
1455 2984 1539 3024 522
1573 2986 1614 3024 01
1644 2983 1685 3023 ll.
1720 2983 1801 3025 159

209 3138 241 3181 1)
266 3136 384 3172 veluti
409 3136 498 3172 Aen.
525 3137 540 3171 I
567 3142 586 3172 3
617 3137 702 3172 ‘vet
731 3137 809 3172 cod.
837 3137 940 3172 Fuld.
969 3136 1020 3171 sic
1040 3136 1154 3171 habet
1175 3135 1300 3170 Altum
1328 3145 1426 3169 mare
1448 3134 1644 3179 significat’
1669 3145 1697 3170 e.
1719 3146 1752 3179 q.
1775 3146 1800 3169 S.
