2204 3437
371 180 425 221 72
1133 180 1292 215 SERVII

367 289 532 342 fruyes
561 290 762 341 franyes
793 289 1021 330 torridas.
1058 302 1155 330 sanc
1185 288 1248 330 his
1278 289 1456 330 versibus
1488 288 1596 330 ‘tecm
1621 289 1800 331 Cererem
1826 294 2061 343 corruptam

368 359 509 401 mrclis’
554 362 591 400 ct
632 358 801 399 etorrere
829 362 989 411 parant
1029 359 1210 412 flammis
1246 363 1284 400 et
1321 360 1512 412 fhangsere
1554 359 1673 401 saoeo'
1720 361 1784 401 ius
1817 362 2061 413 pontificum

369 431 535 471 latenter
566 430 739 482 attinyit.
800 430 988 482 flamines
1018 433 1152 470 autem
1181 430 1367 482 farinam
1401 430 1688 482 fermentatam
1725 431 1949 484 contremere
1980 446 2060 473 nort

370 501 520 541 licebat.
581 514 671 542 cum
701 504 837 542 autem
867 501 965 542 dicit
1001 499 1203 542 ‘Cererem
1239 504 1471 554 corruptam
1507 499 1650 542 mzslz's'
1689 504 1724 542 ct
1763 500 1933 543 etorrere
1956 517 2000 555 p.
2029 503 2060 554 f.

321 581 340 612 5
367 575 404 613 ct
442 572 472 624 f.
503 571 572 621 s.’‚
615 572 715 624 quid
754 571 872 612 aliud
912 572 1096 621 ostendit,
1140 586 1263 625 quam
1306 585 1399 612 mox
1442 585 1504 613 eos
1546 572 1632 613 sine
1672 572 1867 624 fermento
1904 587 2057 626 panem

366 644 529 693 coxisse,
560 643 631 695 qui
662 655 797 683 omnes
825 642 963 696 fruyes
991 646 1201 696 corruptas
1223 643 1513 696 protulerunt?
1552 657 1633 684 non
1659 646 1794 684 autem
1819 647 2061 696 exspectasse

366 727 428 754 cos
455 714 716 766 fermentum,
748 713 858 754 docet
886 714 957 755 illo
989 726 1105 755 versu
1137 712 1245 754 etum
1275 714 1381 754 victu
1412 717 1599 755 revoca-nt
1627 713 1764 755 vires'.

487 783 580 824 180.
625 795 804 825 AENEAS
844 784 998 825 merita
1028 798 1307 838 personarum
1342 784 1500 825 vilibus
1539 783 1692 825 officiis
1731 784 1937 826 interesse
1974 800 2060 827 non

367 853 542 894 debent:
582 855 693 909 quod
731 855 837 895 bene
877 858 1020 896 servat
1057 855 1215 909 ubique
1246 855 1485 909 Vergilius,
1524 858 1571 896 ut
1608 854 1689 896 hoc
1727 856 1838 910 loco,
1875 857 1979 897 item
2016 856 2062 897 in

298 935 339 965 10
366 928 487 965 sexto
521 940 617 966 cum
649 925 827 966 diversis
861 925 1014 966 officiis
1048 924 1254 966 Troianos
1287 925 1447 966 diceret
1479 928 1726 979 occupatos,
1750 926 1821 967 vait
1858 929 1908 967 at
1945 927 2059 981 pius

365 994 561 1036 Aeneas
613 1010 752 1037 arces
810 995 993 1050 quibus
1052 997 1188 1037 altus
1244 995 1431 1050 Apollo
1486 996 1773 1050 praesidet:
1829 997 1912 1038 nisi
1964 1012 2059 1039 cum

366 1080 494 1106 causa
537 1066 712 1120 pietatis
752 1066 998 1120 intervenit,
1043 1069 1091 1107 ut
1132 1066 1184 1107 ad
1223 1066 1513 1120 sepeliendum
1554 1067 1715 1108 socium
1754 1067 1968 1109 Misenum
2010 1069 2060 1110 de

368 1136 510 1178 Aenea
542 1137 650 1178 dixit
681 1137 993 1191 paribusque
1033 1137 1323 1192 accingitur
1362 1138 1527 1179 armis,
1644 1149 1888 1180 SCOPVLVM
1921 1139 1963 1180 id
1996 1143 2060 1181 est

365 1207 592 1260 speculam.
655 1210 697 1248 et
728 1207 896 1262 quando
930 1207 1264 1261 speculationem
1299 1208 1609 1262 significamus,
1643 1209 1810 1262 generis
1844 1213 1910 1250 est
1940 1210 2058 1251 femi-

296 1289 337 1319 15
364 1277 472 1327 nini,
504 1280 552 1318 ut
585 1278 793 1332 specula
826 1277 1051 1318 Misenus
1085 1278 1144 1319 ab
1179 1278 1294 1318 alta.
1358 1279 1578 1331 speculum
1605 1282 1766 1331 autem,
1798 1281 1842 1321 in
1871 1295 1953 1334 quo
1985 1296 2063 1322 nos

363 1348 598 1402 intuemur,
630 1349 898 1403 generis.est
930 1349 1088 1402 neutri,
1127 1351 1174 1389 ut
1205 1348 1419 1390 Iuvenalis
1454 1350 1714 1403 speculum
1747 1351 1922 1392 civilis
1957 1368 2064 1394 sar-

364 1418 476 1459 cina
508 1418 650 1459 belli.

484 1489 574 1530 181.
621 1501 744 1530 LATE
783 1501 916 1530 PETIT
960 1489 1003 1529 in
1043 1493 1252 1544 quantum
1289 1493 1445 1544 potest.
1566 1503 1750 1534 PELAGO
1790 1493 1834 1534 in
1872 1493 2064 1548 pelagUS,

362 1561 411 1600 ut
451 1559 770 1615 inferretque
813 1560 931 1601 deos
970 1560 1130 1601 Latio.
1258 1573 1447 1602 ANTHEA
1488 1573 1527 1604 SI
1570 1574 1699 1611 QVEM
1739 1566 1812 1605 aut
1858 1564 1960 1606 ordo
1999 1568 2064 1606 est

292 1641 336 1670 20
364 1629 576 1671 ‘ascendit
618 1631 841 1685 scopulum
881 1631 1167 1685 requisiturus
1213 1631 1384 1673 Anthea
1425 1631 1575 1686 Capyn
1614 1632 1811 1688 Caicum,
1857 1635 1892 1675 si
1938 1650 2062 1689 quem

363 1700 539 1742 videat’.
604 1704 645 1741 et
677 1717 779 1742 usus
814 1704 878 1742 est
909 1701 991 1742 hoc
1024 1715 1178 1756 genere
1212 1703 1483 1757 elocutionis,
1523 1718 1606 1757 quo
1640 1707 1681 1744 et
1714 1704 1959 1759 Terentius,
1993 1707 2065 1760 qui

363 1772 472 1812 dixit
505 1772 636 1826 quod
668 1773 901 1826 plerique
934 1787 1104 1813 omnes
1137 1772 1338 1814 faciunt
1371 1774 1765 1815 adulescentuli.
1805 1776 1923 1830 atqui
1953 1777 2062 1818 nihil

362 1845 452 1883 tam
485 1843 765 1897 contrarium3
800 1857 947 1884 omnes
981 1843 1093 1883 enim
1126 1844 1324 1897 generale
1364 1847 1446 1899 est,
1484 1845 1676 1900 plerique
1715 1847 1920 1900 speciale:
1961 1847 2062 1895 ordo

461 1998 503 2028 10
530 1983 571 2028 at·
594 1994 692 2040 pius]
718 1994 760 2029 A.
787 1993 838 2028 VI
865 1995 916 2038 911
940 1998 979 2028 13
1006 1994 1249 2040 paribusque]
1284 1995 1325 2029 A.
1352 1995 1403 2028 vi
1432 1998 1498 2029 184
1516 1997 1528 2039 ιι
1549 2001 1591 2031 15
1620 1998 1786 2043 specum]
1814 1999 1857 2032 A.
1884 1998 1935 2032 111
1961 2003 2028 2033 239
2056 2000 2065 2018 ³*

365 2045 409 2123 {g
436 2041 735 2123 Ig}vessa)llis]a3atss
759 2045 796 2122 24
827 2043 936 2116 103.ss
969 2046 1010 2076 19
1045 2042 1284 2113 inferretque]
1314 2044 1353 2076 A.
1388 2042 1403 2075 I
1436 2046 1455 2076 6
1487 2044 1499 2086 ΙΙ
1530 2047 1573 2077 21
1609 2044 1818 2091 Terentius]
1853 2045 1962 2079 Andr.
1990 2046 2005 2079 Ι
2034 2050 2064 2089 1,

461 2234 476 2263 1
512 2229 659 2273 franges
687 2228 718 2263 Ο
752 2229 898 2264 frendas
924 2230 1071 2264 Nonius
1094 2241 1131 2274 p.
1159 2235 1238 2273 447,
1265 2234 1322 2273 20,
1354 2233 1485 2275 recepit
1510 2232 1727 2267 Ribbeckius
1756 2235 1768 2278 ΙΙ
1801 2238 1821 2268 2
1853 2233 1911 2268 ius
1941 2234 2062 2279 ponti-

362 2277 472 2310 ficum
604 2279 744 2311 tortore
778 2288 813 2320 p.
840 2276 863 2310 f.
892 2278 929 2311 et
953 2276 977 2312 f.
1006 2289 1031 2310 s.
1059 2288 1124 2311 om.
1155 2277 1199 2319 C,
1231 2279 1273 2312 in
1303 2290 1415 2322 mary.
1444 2281 1526 2314 add.
1557 2280 1606 2314 02
1637 2282 1649 2324 ΙΙ
1680 2285 1699 2315 3
1737 2281 1878 2326 autem]
1911 2282 2064 2324 fortasse

365 2323 462 2357 enim
482 2324 493 2367 ΙΙ
513 2327 532 2357 5
559 2323 648 2366 quid
677 2322 736 2357 02:
764 2323 826 2367 qui
855 2323 950 2368 0118
978 2325 1026 2359 acl
1051 2336 1081 2358 v.
1114 2328 1179 2359 180
1211 2324 1426 2371 Scopulum]
1458 2327 1496 2360 id
1528 2329 1585 2361 est
1610 2328 1796 2371 speculam
1825 2357 1832 2364 .
1855 2357 1862 2363 .
1885 2357 1892 2363 .
1920 2330 2063 2373 generis

364 2371 496 2405 neutri.
528 2370 564 2403 P
580 2372 592 2414 ΙΙ
610 2383 743 2404 AENEAS
771 2399 776 2404 .
801 2400 807 2405 .
831 2399 836 2404 .
865 2371 1072 2415 accingitur
1099 2372 1209 2406 armis
1235 2383 1299 2406 om.
1326 2373 1361 2406 B
1393 2374 1404 2417 ΙΙ
1439 2378 1478 2407 12
1506 2376 1548 2408 ut
1573 2374 1618 2408 ad
1646 2375 1897 2419 sepeliendum
1923 2375 2063 2410 socium

364 2417 545 2451 Misenum
580 2418 624 2451 de
659 2418 785 2452 Aenea
819 2417 911 2452 dixit
944 2418 1167 2463 paribusque
1205 2447 1211 2453 .
1239 2447 1245 2453 .
1274 2447 1281 2453 .
1320 2421 1430 2454 armis
1465 2421 1512 2456 F.
1546 2421 1760 2456 Schoe'llius:
1797 2424 1839 2456 ut
1876 2423 1923 2456 ad
1958 2433 2061 2467 sepe-

366 2464 529 2498 liendum
566 2464 706 2498 socium
742 2465 933 2499 miscendo
969 2465 1132 2499 daeanea
1167 2466 1260 2500 dixit
1294 2467 1515 2511 paribusque
1552 2468 1760 2512 accingitur
1794 2469 1906 2503 armis
1941 2469 1984 2503 K
2016 2469 2064 2503 ad

367 2510 618 2555 sepeliendum
651 2511 791 2545 socium
824 2511 869 2546 de
901 2522 1015 2546 aenea
1048 2513 1271 2556 paribusque
1305 2514 1511 2558 accingitur
1542 2516 1653 2549 armis
1682 2515 1712 2549 C
1744 2515 1880 2559 (socios
1905 2517 2062 2560 scripsit,

367 2558 411 2591 de
433 2569 549 2592 aenea
569 2559 760 2601 empzmoett,
786 2558 973 2592 miscendo
1000 2570 1038 2593 se
1066 2559 1167 2603 operi
1194 2560 1286 2594 alios
1311 2561 1521 2596 hortaretur
1547 2564 1588 2596 ut
1612 2562 1650 2595 in
1669 2562 1737 2596 VII
1763 2563 1857 2597 libro
1883 2564 1924 2596 'in
1948 2574 2061 2607 marq.

368 2605 450 2639 add.
481 2604 547 2647 C'2'3
574 2606 616 2638 ut
641 2605 688 2639 ad
714 2605 966 2648 sepeliendum
993 2605 1110 2640 socios
1137 2606 1324 2642 miscendo
1351 2619 1388 2642 se
1416 2609 1518 2653 operi
1543 2609 1637 2643 alios
1662 2609 1874 2644 hortaretur
1898 2621 1965 2644 nec
1990 2621 2063 2645 non

469 2651 586 2685 socios
622 2662 720 2695 supr.
748 2663 835 2687 rerS.
865 2652 921 2697 0³)
960 2655 1000 2686 ut
1038 2653 1084 2687 ad
1116 2653 1367 2697 sepeliendum
1401 2655 1514 2690 sotios
1545 2655 1732 2691 miscendo
1765 2668 1802 2691 se
1835 2656 1939 2701 operi
1971 2657 2062 2692 alios

369 2699 552 2733 ortaretur
577 2709 735 2733 aueneas
760 2709 827 2733 nec
854 2710 926 2733 non
952 2710 1063 2742 opera
1089 2700 1184 2734 inter
1210 2701 1301 2735 talia
1326 2702 1466 2745 primus
1496 2703 1667 2737 hortatur
1699 2704 1813 2738 sotios
1839 2704 2062 2748 paribusque

368 2745 575 2790 accingitur
601 2745 712 2779 armis
738 2746 770 2779 L
804 2747 859 2789 (ut
890 2746 936 2779 ad
964 2747 1215 2790 sepeliendum
1243 2748 1381 2782 socium
1408 2750 1453 2784 de
1479 2760 1594 2784 aenea
1626 2750 1719 2784 dixit
1750 2750 1971 2794 paribusque
2004 2762 2062 2785 ac-

311 2814 316 2833 ,
370 2792 530 2835 cingitur
557 2792 668 2826 armis
696 2794 721 2836 l)
753 2798 794 2826 ut
826 2793 872 2826 ad
900 2793 1150 2836 sepeliendum
1185 2794 1303 2829 socios
1330 2796 1516 2830 miscendo
1549 2807 1586 2830 se
1619 2796 1721 2841 operi
1753 2797 1847 2832 alios
1879 2798 2063 2832 ortarctur

369 2850 436 2873 nec
468 2850 543 2873 non
568 2839 711 2873 Aeneas
843 2839 954 2873 armis
987 2841 1026 2873 H
1063 2842 1104 2874 ut
1135 2840 1179 2874 ad
1212 2842 1463 2885 sepeliendum
1498 2843 1636 2877 socium
1667 2844 1855 2879 miscendo
1889 2855 1925 2878 se
1961 2845 2062 2888 operi

370 2885 462 2920 alios
502 2887 714 2921 hortaretur
751 2897 818 2921 nec
855 2897 927 2921 non
967 2898 1098 2921 aeneas
1232 2889 1342 2922 armis
1378 2891 1425 2923 M
1452 2891 1464 2934 ΙΙ
1498 2895 1539 2924 14
1577 2890 1738 2936 quando]
1775 2891 1959 2934 quomodo
1995 2891 2029 2924 P
2052 2891 2063 2934 {I

373 2937 414 2966 17
441 2933 542 2974 belli,
569 2933 667 2976 quod
692 2944 824 2978 graece
853 2932 1031 2977 ἕνοπτρον
1057 2933 1191 2968 dicitur
1219 2935 1254 2968 D
1273 2937 1284 2979 ΙΙ
1309 2939 1347 2969 18
1369 2938 1417 2971 act
1435 2949 1465 2971 r.
1489 2940 1554 2971 181
1578 2938 1668 2971 Late
1688 2937 1796 2982 petit]
1823 2938 1860 2971 iu
1884 2939 2062 2981 quantum

371 2981 504 3023 potest.
556 2980 710 3026 Pelago]
742 2980 780 3014 in
812 2981 967 3024 pelagus
994 3009 1000 3015 .
1025 3008 1030 3013 .
1053 3008 1060 3014 .
1087 2981 1205 3015 Latio.
1257 2984 1375 3017 Antea
1406 2983 1563 3029 siquem]
1596 2984 1684 3018 ordo
1717 2986 1774 3018 est
1803 2985 1969 3019 ascendit
1994 3013 2000 3019 .
2023 3012 2030 3018 .
2054 3013 2061 3021 .

372 3025 508 3061 uideat.
561 3029 598 3061 et
628 3028 699 3062 hoc
731 3028 773 3061 fit
801 3029 843 3061 ut
873 3028 1062 3062 honestior
1092 3027 1203 3061 fuerit
1237 3028 1385 3065 locutio.
1422 3032 1456 3064 P
1485 3033 1496 3074 ΙΙ
1529 3035 1571 3064 19
1605 3030 1712 3064 Latio
1745 3042 1811 3074 pro
1843 3030 1882 3064 in
1913 3031 2060 3065 Latium

375 3073 469 3106 Lien
499 3075 511 3117 u
543 3086 653 3107 ΛΝΤΕΑ
681 3074 723 3108 Κ
749 3075 760 3118 ΙΙ
791 3079 832 3109 21
861 3074 1058 3109 locutionis
1083 3073 1159 3109 BC
1186 3076 1197 3119 ΙΙ
1227 3076 1325 3119 quod
1353 3077 1441 3111 KH
1466 3079 1478 3121 ss
1510 3077 1572 3121 qui
1598 3076 1691 3111 dixit
1717 3106 1723 3111 .
1747 3105 1753 3111 .
1775 3104 1782 3111 .
1810 3078 1968 3122 speciale
1995 3088 2060 3113 om.

373 3119 407 3152 B
439 3121 451 3162 ΙΙ
481 3124 524 3153 22
552 3120 692 3155 faciunt
718 3121 984 3156 adulescentuli
1009 3133 1074 3156 om.
1104 3121 1180 3155 KG
1206 3122 1473 3158 adulescentuli
1498 3135 1562 3159 om.
1590 3124 1623 3157 L
1649 3124 1746 3167 (add.
1773 3124 1798 3167 l)
1830 3125 1842 3168 ΙΙ
1873 3126 1983 3168 atque
2011 3123 2042 3158 C
