2204 3437
575 179 722 215 COMM.
750 179 799 213 IN
826 177 968 213 VERG.
994 178 1104 213 AEN.
1133 178 1192 213 IV.
1221 182 1415 214 cio—655.
1755 178 1837 218 577

152 288 265 339 anni,
297 288 377 329 hoc
404 290 468 329 est
495 290 581 329 tres
616 287 786 329 Saturni
820 301 979 339 cursus,
1013 286 1188 327 exitium
1223 276 1379 340 creant,
1412 287 1493 327 nisi
1521 287 1630 328 forte
1658 287 1838 328 aliarum

151 359 372 400 stellarum
414 359 658 413 benignitas
701 359 829 399 etiam
870 357 1044 398 tertium
1086 356 1176 396 eius
1219 360 1390 410 superet
1431 372 1619 398 cursum:
1657 358 1840 411 fortuna,

148 429 191 470 id
224 432 289 471 est
321 445 439 484 casu,
480 430 550 484 qui
593 429 644 471 ad
688 430 831 470 omnia
874 428 1061 482 pertinet
1101 441 1208 481 quae
1250 427 1510 468 extrinsecus
1553 430 1668 481 sunt,
1710 431 1755 469 ut
1787 428 1838 469 ad

151 500 332 554 ruinam,
363 500 569 554 incendia,
599 500 836 554 naufragia.
899 500 1005 541 bene
1039 512 1140 553 ergo
1174 497 1281 538 dixit
1321 497 1568 539 ‘Fortuna’z
1602 499 1662 539 sic
1693 498 1839 540 Cicero

150 571 193 612 in
220 570 474 626 Philippicis
501 571 548 624 <I
567 572 606 625 4,
631 572 710 625 10>
736 571 897 612 multa
929 569 1053 610 mihi
1084 568 1332 610 inminere
1364 569 1668 610 videbantur
1700 585 1839 623 prae-

149 644 226 683 ter
256 646 490 684 naturam
523 644 828 696 praeterque
860 641 1038 695 fatum,
1069 640 1110 681 id
1144 642 1208 680 est
1241 639 1371 694 gladii
1410 640 1582 680 Antonii
1618 655 1666 681 ex
1700 655 1811 682 casu.

268 714 364 755 654.
413 730 544 755 mom
588 713 824 766 cogitatione
864 726 1001 753 eorum
1042 712 1113 764 qui
1154 724 1216 752 mc
1255 725 1337 751 non
1377 711 1578 763 w‘derzmt,
1618 712 1687 752 sed
1721 712 1842 763 factis

149 788 423 838 coynovemmt.
545 796 627 826 SVB
661 795 836 824 TERRAS
870 795 961 823 ΙΒΙΤ
994 794 1137 824 IMAGO
1169 782 1276 822 bene
1302 781 1534 835 imaginem
1563 781 1687 823 dixit:
1721 782 1841 824 valde

150 855 262 896 enim
295 856 514 910 quaeritur
546 855 656 909 apud
688 854 981 908 philosophos,
1014 853 1114 907 quid
1147 852 1253 893 illud
1286 852 1343 892 sit
1375 852 1487 906 quod
1519 852 1676 893 inferos
1710 855 1841 907 petat.

149 941 248 967 nam
281 927 418 967 tribus
453 929 716 967 constamus:
750 925 903 978 anima,
937 939 1043 979 quae
1077 938 1259 977 superna
1297 925 1362 964 est
1399 926 1442 963 et
1476 922 1686 978 originem
1721 939 1840 964 suam

147 997 272 1051 petit:
306 1012 493 1051 corpore,
527 997 636 1051 quod
670 997 713 1038 in
745 999 860 1037 terra
892 995 1051 1036 deficit:
1084 995 1247 1049 umbra,
1280 1009 1407 1049 quam
1433 993 1654 1035 Lucretius
1688 995 1748 1036 sic
1773 995 1842 1036 de-

148 1069 262 1123 finit,
303 1068 482 1122 &supra
526 1068 736 1122 spoliatus
778 1067 938 1108 lumine
989 1066 1091 1107 aer'.
1163 1080 1264 1121 ergo
1306 1066 1457 1106 umbra
1499 1066 1533 1106 si
1576 1080 1625 1105 ex
1667 1079 1841 1119 corpore

150 1142 328 1190 creatur,
371 1139 461 1180 sine
494 1138 622 1179 dubio
656 1138 768 1192 perit
800 1152 895 1178 cum
937 1151 1002 1187 eo,
1044 1152 1120 1178 nec
1163 1139 1228 1178 est
1269 1137 1495 1191 quicquam
1538 1136 1747 1190 reliquum
1793 1136 1842 1177 de

148 1211 320 1252 homine
354 1210 464 1265 quod
498 1209 656 1251 inferos
683 1212 814 1263 petat.
865 1208 937 1250 sed
965 1208 1332 1263 deprehenderunt
1358 1222 1448 1249 esse
1476 1207 1686 1262 quoddam
1715 1207 1841 1248 simu-

148 1282 322 1336 lacrum,
355 1281 467 1345 quod
500 1281 551 1322 ad
584 1281 720 1322 nostri
754 1280 943 1334 corporis
977 1279 1162 1335 effigiem
1189 1280 1335 1321 fictum
1362 1278 1521 1320 inferos
1548 1278 1672 1332 petit:
1706 1280 1748 1318 et
1779 1282 1843 1319 est

150 1353 309 1408 species
343 1368 563 1407 corporea,
596 1367 703 1406 quae
735 1366 821 1392 non
853 1353 997 1405 potest
1022 1351 1161 1406 tangi,
1188 1351 1297 1391 sicut
1323 1352 1492 1391 ventus:
1524 1349 1621 1390 hinc
1653 1350 1697 1390 in
1723 1352 1842 1390 sexto

150 1424 293 1478 (391)
327 1438 542 1478 corpora
573 1424 688 1464 viva
719 1423 861 1464 nefas
890 1421 1068 1477 Stygia
1102 1423 1307 1462 vectare
1341 1421 1526 1462 carina.
1565 1421 1675 1461 hanc
1701 1423 1842 1461 autem

148 1510 237 1536 rem
271 1495 399 1536 etiam
432 1494 644 1536 Homerus
678 1494 859 1548 requirit
892 1493 1120 1534 simulacro
1159 1491 1356 1533 Herculis
1390 1492 1501 1545 apud
1538 1491 1697 1532 inferos
1735 1492 1841 1532 viso.

149 1569 192 1608 et
224 1566 437 1608 sciendum
476 1566 703 1607 simulacra.
740 1565 846 1607 haec
879 1579 970 1606 esse
1010 1565 1139 1606 etiam
1179 1578 1325 1604 eorum
1368 1563 1439 1617 qui
1477 1577 1553 1616 per
1591 1562 1841 1617 apotheosin

149 1638 208 1679 dii
239 1638 344 1680 facti
377 1640 492 1679 sunt:
526 1637 636 1678 unde
669 1639 742 1678 aut
774 1637 856 1678 visi
888 1651 980 1678 esse
1013 1635 1125 1690 apud
1157 1635 1316 1676 inferos
1345 1636 1419 1675 aut
1445 1634 1546 1675 illuc
1574 1633 1841 1675 descendisse

150 1709 357 1750 dicuntur.
419 1708 626 1750 Horatius
660 1708 710 1749 de
742 1707 897 1749 Libero
930 1710 978 1748 te
1011 1707 1141 1748 vidit
1181 1706 1357 1747 insons
1398 1703 1650 1746 Cerberus
1690 1719 1841 1746 aureo

150 1795 304 1822 cornu
336 1780 582 1821 decorum.
645 1779 863 1820 sciendum
894 1780 1051 1833 tamen,
1079 1777 1199 1819 abuti
1231 1779 1380 1831 poetas
1414 1779 1457 1817 et
1488 1776 1662 1818 confuse
1696 1776 1764 1818 vel
1791 1776 1843 1817 si-

152 1851 392 1893 mulacrum
424 1851 489 1891 ve]
523 1851 696 1892 umbras
730 1850 878 1891 dicere.

267 1922 364 1964 655.
414 1934 568 1963 VRBEM
599 1933 905 1963 PRAECLARAM
939 1932 1104 1963 STATVI
1142 1934 1227 1961 non
1261 1922 1325 1960 est
1357 1918 1619 1960 contrarium
1652 1918 1715 1959 illi
1747 1919 1840 1959 loco

149 1994 260 2048 <88>
294 1993 499 2047 ‘pendent
525 2007 655 2047 opera
681 1991 959 2046 interrupta':
994 1992 1109 2044 [quia
1136 1991 1240 2032 illud
1263 2005 1310 2031 cx
1332 2004 1505 2043 persona
1523 1993 1665 2043 poetae
1689 1990 1840 2030 dictami

148 2067 222 2118 est]
256 2079 355 2106 nam
387 2064 488 2106 licet
517 2063 737 2118 paululum
770 2063 930 2118 aliquid
964 2064 1225 2117 superesset,
1259 2064 1466 2116 quantum
1501 2061 1552 2102 ad
1585 2061 1723 2114 ipsam
1749 2075 1842 2114 per-

149 2137 259 2178 tinet
288 2136 464 2177 fecerat:
496 2137 544 2176 ut
570 2134 681 2189 <75>
708 2135 982 2189 urbemque
1015 2136 1264 2188 paratam,
1295 2133 1399 2174 item
1426 2132 1553 2187 paulo
1580 2134 1677 2186 post
1701 2132 1842 2185 <683>

150 2207 424 2262 urbemque
456 2208 607 2247 tuam.
658 2209 701 2247 et
738 2211 782 2246 ¹re
820 2219 921 2246 vera
960 2205 1124 2246 civitati
1163 2204 1263 2259 quid
1303 2206 1495 2258 superest
1532 2203 1659 2244 factis
1698 2203 1843 2254 muris,

149 2279 309 2333 templo
342 2278 482 2332 posito
517 2279 559 2318 et
590 2277 774 2327 theatro,
803 2276 904 2329 foro,
935 2275 1106 2317 senatu?
1137 2276 1281 2329 quibus
1306 2276 1589 2328 adiunyzmtm·
1613 2275 1735 2315 etiam
1753 2274 1842 2325 pri-

149 2353 265 2391 vatae
295 2349 419 2402 aedes,
450 2351 496 2389 ut
526 2348 574 2401 <I
607 2348 721 2401 425>
747 2361 869 2400 pars
900 2350 1067 2399 optare
1109 2347 1282 2400 locum,
1321 2349 1443 2387 tecta
1480 2349 1523 2388 et
1559 2345 1843 2387 concludere

247 2493 266 2524 8
293 2489 401 2523 valde
428 2488 525 2523 enim
552 2488 740 2533 quaeritur
767 2516 773 2522 .
797 2518 802 2524 .
826 2516 832 2523 .
860 2487 920 2521 vel
944 2487 1092 2522 umbras
1119 2487 1255 2531 dicere]
1282 2497 1393 2521 exscr‘
1421 2486 1605 2531 mythogr.
1634 2485 1683 2519 ΠΙ
1710 2489 1742 2528 9,
1771 2488 1812 2518 10
1832 2484 1843 2529 Η

155 2541 193 2571 11
216 2536 423 2582 Lucretius]
445 2535 495 2570 IV
511 2539 706 2571 366—378.
735 2536 780 2570 cf.
798 2534 948 2570 Lachm.
970 2535 1051 2569 adn.
1074 2534 1119 2570 ad
1134 2538 1202 2569 368
1222 2535 1233 2579 ΙΙ
1256 2537 1296 2568 18
1317 2534 1514 2578 Homerus]
1537 2532 1668 2567 Ο1Ι.ΧΙ
1685 2536 1749 2566 601
1764 2544 1840 2575 sqq.

150 2585 162 2630 11
187 2588 228 2618 21
258 2583 448 2629 Horatius]
476 2595 585 2619 carm.
613 2584 726 2627 11-19,
752 2587 795 2617 29

249 2719 266 2748 1
295 2713 432 2748 exitum
463 2714 494 2747 T
517 2715 528 2758 ΙΙ
553 2718 574 2747 4
599 2712 809 2759 naufragia]
836 2724 979 2747 uenena
1006 2714 1089 2748 add.
1118 2713 1166 2746 M
1188 2714 1200 2757 ΙΙ
1225 2716 1245 2744 5
1272 2712 1389 2745 multa
1415 2712 1537 2745 autem
1564 2708 1764 2753 inpendere
1792 2708 1841 2741 vi—

153 2762 286 2796 dentur
310 2762 457 2806 praeter
481 2763 650 2795 naturam
677 2760 790 2795 etiam
816 2762 1033 2804 praeterque
1059 2760 1174 2794 fatum
1205 2759 1326 2794 Cicero
1351 2759 1362 2802 ΙΙ
1389 2763 1408 2793 6
1434 2756 1669 2802 praeterque]
1697 2757 1844 2800 praeter

155 2810 203 2844 M
219 2810 231 2853 ΙΙ
250 2809 389 2843 factum
416 2808 485 2852 ΗΙΙ
513 2812 530 2842 7
559 2809 606 2842 acl
632 2819 768 2852 magna
793 2818 891 2852 supr.
913 2819 999 2842 vers.
1028 2807 1254 2852 cogitatione
1281 2806 1425 2840 scilicet
1450 2816 1575 2839 eorum
1602 2833 1608 2838 .
1637 2830 1643 2836 .
1674 2832 1679 2837 .
1708 2814 1842 2845 cogno-

152 2859 285 2891 uerunt
314 2856 346 2889 T
366 2857 377 2900 ΙΙ
403 2859 423 2890 8
449 2856 542 2890 bene
570 2855 680 2889 FM:
706 2856 798 2889 bene
825 2865 911 2899 ergo
937 2855 1067 2889 NLH
1087 2856 1098 2899 Η
1130 2859 1168 2889 11
1197 2856 1331 2888 terram
1362 2853 1408 2886 M
1431 2854 1443 2896 ΙΙ
1468 2851 1635 2886 definiuit
1662 2850 1737 2883 FL
1763 2852 1774 2893 ΙΙ
1803 2854 1842 2883 12

153 2914 264 2948 supra
288 2903 433 2946 NLH,
472 2914 536 2936 om.
565 2902 657 2936 FM
695 2903 767 2945 (scd
797 2913 858 2936 sese
889 2903 962 2944 fere
993 2903 1131 2936 litterae
1163 2912 1284 2936 erasae
1315 2901 1356 2934 in
1384 2900 1455 2939 M).
1502 2910 1632 2942 supero
1666 2897 1844 2941 spoliatus

152 2951 290 2985 lumine
317 2950 363 2984 F.
386 2950 591 2984 Schoellius.
633 2950 676 2992 cf.
705 2950 815 2983 Lucr.
842 2949 891 2983 VI
917 2953 984 2984 854
1004 2960 1075 2994 sqq.
1096 2951 1107 2993 ΙΙ
1127 2948 1282 2983 lumines
1312 2947 1349 2981 F
1365 2948 1376 2991 ΙΙ
1409 2951 1449 2980 14
1475 2944 1749 2990 deprehendere
1775 2944 1807 2977 L
1833 2946 1843 2974 11

153 2997 389 3032 simulacrum
409 3008 473 3031 om.
492 2997 539 3030 M
558 2998 569 3041 ΙΙ
590 3001 632 3031 16
660 2997 754 3030 sicut
778 3007 844 3030 nec
870 2998 1001 3031 ventus
1027 2998 1197 3041 mythoyr.
1219 2997 1231 3039 ΙΙ
1252 2999 1293 3028 19
1321 2994 1517 3028 simulacra
1543 3004 1607 3027 om.
1626 2992 1670 3025 M
1689 2993 1700 3035 ΙΙ
1720 2995 1764 3025 20
1790 2991 1840 3024 (11-

154 3045 318 3079 cendisse
346 3044 385 3079 F
412 3046 423 3088 ΙΙ
455 3043 684 3078 descendisse
711 3043 896 3089 dicuntur]
927 3043 1100 3079 docendis
1127 3044 1299 3077 secuntur
1325 3042 1366 3075 II
1394 3043 1405 3084 ΙΙ
1442 3045 1485 3074 22
1514 3051 1624 3074 cornu
1651 3039 1704 3072 F.-
1738 3050 1842 3072 curru

154 3092 338 3127 NLHM
355 3093 366 3136 ΙΙ
386 3092 537 3126 deorum
565 3091 607 3126 H
621 3092 633 3135 ΙΙ
652 3091 770 3136 abuti]
799 3090 926 3135 abipso
953 3091 1023 3136 ΗΙΙ
1052 3094 1095 3124 25
1122 3100 1274 3134 persone
1302 3088 1339 3121 1⁸
1355 3090 1366 3131 ΙΙ
1386 3087 1541 3132 dictum]
1570 3098 1680 3129 snpra
1705 3085 1841 3119 dictum

154 3139 292 3174 Daniel
312 3140 455 3184 primus
473 3139 486 3183 ΙΙ
505 3142 548 3174 27
576 3138 714 3173 faceret
739 3138 781 3171 H
797 3139 808 3182 ΙΙ
828 3142 870 3173 29
897 3138 1017 3183 posito
1045 3138 1096 3184 et]
1124 3139 1231 3182 portu
1259 3135 1298 3169 F
1313 3137 1325 3179 ΙΙ
1353 3140 1396 3169 30
1423 3135 1550 3169 obtare
1579 3133 1617 3167 F

1870 932 1911 961 10

1872 1287 1912 1316 15

1869 1642 1912 1672 20

1868 1997 1911 2027 25

1868 2352 1912 2382 30
