2204 3437
332 930 373 959 10

332 1640 376 1668 20

333 1991 376 2022 25

403 175 484 215 102
1165 174 1324 209 SERVII

398 283 619 337 Larentia,
641 298 747 338 quae
776 286 997 338 susceptos
1019 284 1127 326 aluit
1147 298 1314 339 pueros.
1353 284 1399 325 hi
1419 286 1571 338 postea
1601 299 1727 325 avum
1755 299 1878 326 suum
1899 283 2096 325 Numito-

399 370 488 395 rem
510 355 649 395 occiso
671 353 844 395 Amulio
865 354 910 395 111
930 369 1061 409 regna
1082 357 1347 397 revocarunt.
1384 354 1537 409 quibus
1559 355 1660 396 dum
1681 368 1776 396 cum
1797 369 1845 395 eo
1867 357 2095 409 angustum

400 425 537 466 Albae
575 425 787 465 videretur
824 424 1070 480 imperium,
1107 428 1375 467 recesserunt
1414 427 1456 466 et
1494 425 1679 479 captatis
1719 425 1907 478 auguriis
1946 425 2096 466 urbem

400 495 690 537 condiderunt.
758 495 829 536 sed
867 495 1026 537 Remus
1071 497 1189 550 prior
1234 511 1305 537 sex
1350 495 1541 537 vultures
1586 495 1710 550 vidit,
1748 495 1909 537 Romus
1947 499 2098 550 postea

402 565 640 607 duodecim:
680 580 787 619 quae
826 580 895 607 res
934 567 1095 608 bellum
1135 567 1306 608 creavit.
1376 566 1419 607 in
1458 581 1540 620 quo
1579 566 1791 607 extinctus
1831 569 1896 608 est
1927 566 2098 618 Remus,

401 640 443 677 et
476 652 500 677 a
532 636 658 677 Romi
688 636 859 678 nomine
895 636 1078 678 Romani
1110 637 1327 692 appellati.
1366 639 1413 678 ut
1446 639 1587 678 autem
1620 651 1698 691 pro
1725 636 1862 678 Romo
1889 637 2096 678 Romulus

400 707 628 760 diceretur,
660 707 944 749 blandimenti
977 721 1130 763 genere
1162 708 1324 749 factum
1359 710 1436 758 est,
1469 707 1580 761 quod
1613 707 1772 762 gaudet
1804 708 2099 750 diminutione.

400 777 511 832 quod
556 780 697 818 autem
742 793 766 819 a
811 778 912 832 lupa
955 778 1152 819 dicuutur
1198 778 1297 832 alti,
1347 777 1594 818 fabulosum
1638 778 1893 833 figmentum
1938 781 2003 820 est
2047 779 2099 820 ad

401 848 619 889 celandam
658 851 879 890 auctorum
918 848 1100 890 Romani
1146 849 1314 903 generis
1358 848 1679 902 turpitudinem.
1746 863 1823 890 nec
1865 849 2098 904 incongrue

400 920 547 960 fictum
586 922 669 975 est3
710 935 808 961 nam
848 922 889 961 et
927 919 1173 961 meretrices
1214 919 1337 973 lupas
1377 933 1596 973 vocamus,
1636 919 1744 961 unde
1784 922 1826 961 et
1863 920 2099 974 lupanaria.

401 993 442 1031 et
475 993 644 1031 constat
675 991 757 1032 hoc
788 992 946 1032 animal
978 992 1023 1032 in
1054 991 1191 1032 tutela
1223 1005 1314 1032 esse
1346 989 1511 1031 Martis.
1572 991 1642 1032 sed
1675 991 1722 1032 cle
1761 991 1914 1045 oriyine
1944 994 1980 1032 et
2010 1004 2100 1032 con-

400 1062 527 1103 ditore
569 1061 680 1103 urbis
723 1062 879 1104 diversa
923 1077 949 1103 a
992 1063 1161 1104 (liversis
1204 1063 1437 1103 traduntur:
1508 1060 1669 1102 Clinias
1712 1061 1837 1113 refert
1875 1062 2102 1104 Telemachi

399 1133 533 1185 silviam
558 1132 713 1176 Romen
747 1134 907 1174 nomine
925 1134 1085 1175 Aeneae
1115 1136 1287 1186 nuptam
1316 1133 1461 1185 fuisse,
1493 1146 1540 1173 ca·
1571 1133 1686 1173 cuias
1718 1132 1904 1174 vocabalo
1923 1133 2100 1174 Romam

402 1204 661 1256 appellatam.
755 1205 852 1245 <licit
883 1205 1082 1246 Latinam
1114 1218 1161 1245 ex
1188 1204 1304 1246 Vlixe
1335 1207 1371 1245 et
1395 1203 1509 1245 Circe
1539 1204 1691 1244 editum
1723 1204 1769 1245 cle
1800 1204 1963 1246 nomine
1993 1218 2099 1246 soro-

355 1285 369 1311 ῐ
402 1275 461 1315 ris
491 1288 589 1315 suae
620 1278 802 1316 mortuae
831 1275 989 1317 Romen
1026 1276 1227 1316 civitatem
1263 1275 1495 1328 appellasse.
1558 1275 1703 1316 Ateius
1739 1276 1892 1316 adserit
1926 1276 2104 1317 Romam

400 1348 493 1385 ante
529 1345 746 1386 adrentum
777 1346 973 1388 Euandri
1010 1347 1081 1388 sliu
1121 1345 1352 1387 Valentiam
1382 1345 1615 1395 vocitatam,
1646 1346 1716 1387 secl
1737 1348 1834 1398 post
1859 1360 2001 1399 macco
2033 1361 2102 1389 no-

400 1416 509 1456 mine
540 1415 696 1457 Romen
726 1417 955 1458 vocitatam.
1016 1416 1093 1458 alii
1124 1430 1150 1456 a
1180 1416 1271 1469 filia
1302 1415 1499 1457 Euandri
1530 1417 1591 1457 ita
1627 1417 1794 1469 dictam,
1833 1417 1910 1458 alii
1948 1432 1975 1458 a
2003 1418 2101 1470 fati—

400 1487 506 1537 dica,
539 1500 641 1539 quae
664 1489 937 1540 praedixisset
956 1488 1156 1528 Euandro
1182 1486 1246 1528 ln‘s
1271 1500 1362 1528 enm
1388 1487 1484 1528 locis
1509 1490 1685 1540 oportere
1710 1487 1923 1530 considere.
1967 1489 2104 1530 Hera-

401 1558 521 1598 clides
552 1558 613 1598 ait
643 1558 817 1610 Romen,
855 1559 1026 1600 nobilem
1057 1558 1259 1610 captivam
1294 1547 1634 1598 Troianamlme
1664 1558 1869 1611 appulisse
1907 1562 1944 1599 ct
1974 1561 2104 1601 taedio

402 1629 532 1669 maris
562 1630 737 1671 suasisse
774 1631 920 1684 sedem,
959 1644 1006 1672 ea·
1037 1631 1152 1672 onias
1190 1634 1352 1671 nomine
1388 1629 1525 1670 ‹zu-bem
1562 1632 1755 1670 vocatam.
1817 1630 2106 1673 Eratosthenes

401 1700 592 1750 Ascanii,
633 1700 792 1742 Aeneae
834 1702 932 1755 filii,
970 1700 1195 1742 Romulum
1231 1702 1446 1753 parentem
1488 1700 1602 1741 urbis
1645 1699 1778 1752 refert.
1847 1701 2028 1744 Naevius
2070 1706 2108 1744 ct

400 1771 569 1813 Ennius
606 1771 767 1813 Aeneae
803 1786 850 1813 ea·
886 1772 977 1825 filia
1016 1775 1197 1825 nepotem
1234 1770 1458 1813 Romulum
1495 1771 1738 1813 conditorem
1775 1772 1889 1813 urbis
1927 1773 2105 1814 tradant.

401 1841 559 1895 Sibylla
605 1843 662 1883 ita
705 1843 804 1884 (licit
839 1838 1064 1897 Ῥωμαῖοι,
1103 1838 1274 1896 Ῥώμου
1317 1842 1482 1890 παῖδες.
1613 1854 1786 1884 REGINA
1838 1843 1952 1897 regis
2002 1843 2105 1886 filia.

404 1912 579 1954 abusive
622 1913 683 1954 ait
714 1928 832 1955 more
865 1914 1052 1967 poetico7
1096 1915 1141 1954 ut
1181 1912 1285 1953 alibi
1324 1926 1559 1966 magnum
1598 1913 1806 1968 reginae
1849 1914 1932 1955 sed
1975 1914 2105 1955 enim

405 1983 681 2024 miseratus
716 1998 952 2033 amorem,
985 1983 1028 2024 id
1055 1986 1120 2024 est
1149 1983 1261 2038 regis
1287 1983 1401 2024 filiae
1428 1983 1675 2037 Pasiphaes,
1796 2001 1987 2026 &lemnos
2009 1986 2107 2037 qaia

400 2054 451 2095 ab
483 2054 653 2096 Amulio
694 2055 833 2096 Vestae
862 2055 974 2107 viryo
1005 2067 1085 2095 esse
1115 2053 1230 2095 iussa
1255 2057 1332 2107 est,
1364 2067 1413 2095 ne
1444 2054 1480 2095 ei
1507 2057 1672 2107 propter
1703 2055 1898 2097 edendam
1928 2056 2105 2097 subolem

403 2126 582 2177 facultas
612 2129 709 2167 esset
738 2126 824 2166 viro
855 2126 983 2178 izcozyi.

519 2197 615 2238 274.
655 2209 811 2237 MARTE
842 2208 1007 2238 GRAVIS
1035 2196 1232 2250 gravida,
1259 2198 1306 2236 ut
1329 2210 1425 2236 non
1451 2195 1656 2238 insueta
1683 2197 1854 2251 gravis
1881 2199 2098 2251 tempta-

402 2267 528 2308 bunt
559 2267 751 2321 pabula
782 2266 931 2308 fetas.

499 2376 539 2405 11
569 2371 632 2405 sed
659 2371 703 2405 de
731 2371 872 2415 origine
900 2382 928 2405 0.
951 2383 984 2415 q.
1007 2371 1050 2416 s.]
1078 2370 1123 2405 cf.
1144 2371 1272 2405 Festus
1297 2383 1323 2405 s.
1345 2382 1377 2405 v.
1400 2371 1556 2406 Romam
1576 2372 1587 2415 ΙΙ
1607 2375 1651 2405 24
1678 2372 1867 2417 magnum]
1895 2371 1937 2406 A.
1959 2372 2009 2406 VI
2029 2376 2073 2407 28
2094 2372 2104 2414 I

406 2422 448 2452 28
474 2430 549 2453 11011
576 2419 732 2463 insueta]
759 2418 840 2454 bue.
868 2418 882 2451 l
910 2422 953 2453 49

502 2517 518 2546 1
546 2512 703 2547 lerentia
728 2513 763 2546 B
790 2512 911 2547 rentia
936 2512 969 2546 L
1003 2513 1175 2556 (larentia
1201 2513 1226 2555 l)
1260 2513 1271 2556 ΙΙ
1304 2516 1323 2545 2
1357 2512 1417 2558 eo]
1444 2513 1548 2556 patre
1575 2513 1617 2546 K
1650 2524 1719 2547 avo
1753 2514 1925 2558 *mytlzogsoz
1958 2515 1970 2558 Η
2002 2518 2023 2548 4
2049 2525 2105 2549 ro-

466 2579 478 2596 s
994 2572 1017 2598 s.
1032 2572 1141 2596 romuli

405 2605 562 2651 musssssls
588 2606 618 2646 (s
643 2617 816 2649 supet-ser.
847 2607 870 2649 l)
902 2608 914 2650 ΙΙ
946 2611 965 2640 6
992 2594 1086 2640 romi
1143 2606 1179 2639 B
1212 2605 1402 2650 romissslssss
1424 2605 1458 2639 L
1484 2605 1510 2649 (i
1537 2618 1559 2639 a
1584 2617 1627 2640 m.
1655 2608 1734 2649 sec.)
1765 2608 1776 2651 ΙΙ
1810 2607 1990 2651 appellati
2022 2609 2107 2643 sunt

408 2653 545 2686 LHM
576 2654 587 2696 Η
621 2656 638 2686 7
666 2653 909 2687 blandimenti
935 2652 1057 2697 gratia
1083 2653 1288 2696 Stephanus
1318 2654 1329 2696 ΙΙ
1361 2656 1380 2686 8
1407 2662 1428 2686 a
1454 2663 1518 2686 om.
1547 2652 1634 2686 LH
1659 2655 1670 2698 ΙΙ
1702 2654 1792 2688 aleti
1821 2655 1870 2688 M
1901 2656 1961 2689 scil
1983 2656 2106 2698 prima

411 2704 447 2734 ut
474 2700 615 2733 videtur
642 2711 770 2733 omanus
802 2711 820 2734 e
850 2701 888 2734 in
919 2700 930 2733 i
956 2701 1119 2733 nudavit.
1151 2702 1163 2744 Η
1194 2699 1402 2733 fabulosum
1535 2700 1822 2747 turpitudinem]
1854 2701 2002 2736 fabulae
2035 2702 2104 2736 1100

410 2746 603 2781 celandum
631 2748 819 2781 auctorem
847 2747 988 2781 romani
1015 2746 1158 2791 generis
1184 2746 1450 2790 turpitudinem
1476 2747 1510 2780 B
1548 2746 1697 2782 fabulae
1732 2748 1800 2782 hoc
1833 2748 1879 2782 ad.
1911 2748 2105 2783 celandam

408 2795 601 2828 auctorum
628 2794 771 2828 romani
797 2794 940 2838 generis
966 2793 1235 2838 turpitudinem
1262 2794 1406 2838 fingunt
1433 2793 1468 2828 Ο.
1508 2797 1619 2828 totam
1645 2796 1873 2829 ennntiatmn
1904 2796 1969 2829 hoc
2000 2796 2102 2830 modo

408 2844 631 2875 contractum
653 2842 691 2874 in
712 2840 760 2874 P:
786 2841 850 2875 sed
877 2852 897 2874 a
918 2841 1006 2885 lupa
1031 2841 1114 2874 ideo
1135 2840 1305 2874 dicuntur
1326 2840 1392 2874 alti
1418 2843 1568 2885 propter
1592 2842 1860 2886 turpitudinem
1879 2843 1890 2886 ss
1912 2846 1954 2877 10
1980 2843 2106 2877 fictum

408 2889 464 2922 est
489 2899 553 2922 om.
580 2887 725 2922 Rom>
749 2888 761 2932 ΙΙ
790 2889 826 2921 ot
852 2891 933 2921 ante
959 2887 1167 2921 meretrices
1193 2898 1257 2921 om.
1288 2887 1383 2921 0³⁶1)
1403 2889 1415 2931 ss
1442 2892 1482 2922 11
1513 2888 1648 2922 Martis.
1689 2888 1822 2923 dicitur
1848 2890 1971 2923 autem
1998 2890 2104 2934 lupus

409 2935 521 2969 Marti
547 2935 690 2970 dicatus
718 2936 759 2969 ut
784 2934 873 2969 alibi
896 2934 1064 2969 ‘Martius
1090 2946 1112 2968 a
1139 2933 1292 2968 stabulis
1319 2935 1441 2979 rapuit
1466 2935 1588 2979 lupus’
1618 2935 1816 2970 Fabricius
1834 2937 1846 2980 ΙΙ
1869 2940 1910 2970 14
1936 2937 2105 2971 lacunam

409 2994 431 3016 a
458 2982 628 3026 Scioppio
658 2983 855 3017 indicatam
884 2982 1046 3026 eoeplcbat
1074 2981 1278 3015 Masvz'cius
1304 2982 1439 3016 addens
1460 2981 1551 3017 Cato
1578 2983 1613 3015 in
1641 2982 1843 3025 originibus
1871 2983 1883 3026 ΙΙ
1913 2986 1955 3016 15
1976 2983 2104 3018 Ateius

412 3029 635 3064 Mascicias:
664 3029 799 3063 Adeius
828 3028 858 3063 C
873 3030 884 3073 ΙΙ
914 3033 955 3063 21
982 3030 1134 3072 fortasse
1158 3028 1275 3062 filium
1301 3029 1498 3063 Romulum
1523 3030 1535 3073 ΙΙ
1561 3033 1602 3063 23
1630 3029 1787 3074 Regina]
1814 3030 1909 3073 regis
1935 3030 2012 3064 filia
2039 3059 2045 3065 .
2067 3058 2074 3065 .
2097 3058 2103 3065 .

407 3075 609 3119 Pasiphaes
638 3076 698 3120 ΡΗ
724 3079 767 3110 25
794 3076 990 3121 pasiphaes
1018 3076 1072 3110 H:
1098 3075 1276 3120 pasiphae
1303 3076 1399 3110 KM
1421 3076 1593 3120 pasiphes
1619 3076 1654 3110 B
1678 3076 1879 3121 phasiphes
1906 3076 1940 3111 L
1966 3076 2103 3122 (phasi-

411 3122 504 3166 phae
531 3123 555 3165 l)
583 3123 760 3157 Ariadnes
789 3123 993 3158 Masvicins
