2204 3437
381 589 400 618 27!

359 943 400 975 10

359 1298 400 1329 15

430 181 514 223 574
1191 182 1348 218 SERVII

430 294 574 345 [potest
602 293 655 345 et]
690 295 866 347 propter
891 293 996 334 illud
1029 294 1141 348 quod
1172 294 1217 335 in
1248 294 1488 335 foederibus
1520 292 1708 335 similiter
1745 295 1917 336 cautum
1951 297 2032 345 est,
2069 297 2117 336 ut

429 361 603 404 Corsica
635 366 750 404 esset
781 364 920 405 media
951 363 1063 405 inter
1094 364 1310 406 Romanos
1343 366 1385 406 et
1418 362 1805 419 Carthaginienses,

547 433 642 475 629.
693 446 910 475 PVGNENT
950 446 1131 485 IPSIQVE
1173 446 1382 477 NEPOTES
1424 436 1570 489 potest
1611 437 1654 476 et
1698 435 1749 477 ad
1792 435 1916 476 civile
1961 436 2120 477 bellum

427 504 588 546 referri.

546 577 641 619 632.
686 589 915 618 BREVITER
954 578 1228 619 festinatione
1271 578 1439 619 mortis:
1485 577 1612 618 simul
1655 578 1789 619 nectit
1827 591 1998 618 causam
2036 592 2123 619 mo-

427 662 568 689 rarum
602 650 644 689 et
676 648 758 702 ipsi
792 651 834 690 et
866 649 1014 691 sorori.
1139 667 1289 692 BARCEN
1323 648 1394 691 hoe
1431 662 1645 702 coynomen
1679 649 1868 700 familiae
1904 648 2124 690 Hanniba-

428 719 479 760 lis
506 719 600 771 fuit.

546 790 642 832 633.
692 808 829 833 PATRJA
864 809 1030 838 ANTIQVA
1063 791 1133 833 hoc
1163 795 1221 833 est
1254 792 1398 845 Tyros,
1436 805 1537 844 quae
1567 794 1660 832 ante
1689 792 1775 833 eius
1798 792 1942 844 patria
1970 790 2063 843 fuit.

487 874 579 904 Ilvc
612 873 739 904 SISTE
773 864 855 905 huc
888 863 1040 917 adduc,
1078 865 1126 904 ut
1158 861 1291 916 <VIII
1332 863 1415 916 85>
1455 866 1505 905 et
1543 877 1649 904 cum
1690 875 1844 917 grege
1882 862 2026 903 sistit
2064 861 2120 903 ad

428 948 577 975 aram.
641 934 739 975 hinc
772 936 814 975 et
854 933 1077 976 ‘sistatur’
1119 934 1318 988 dicimus,
1361 934 1402 975 id
1442 937 1508 975 est
1540 934 1790 975 adducatur:
1828 948 1926 975 nam
1965 932 2122 974 ‘stare'

428 1005 543 1046 aliud
580 1007 654 1046 est.
714 1020 792 1046 nec
824 1006 950 1047 aliter
982 1020 1210 1060 possumus
1243 1005 1393 1058 dicere,
1427 1020 1553 1060 quam
1586 1005 1678 1046 ‘sta
1710 1003 1814 1055 hic’,
1847 1003 1975 1045 ‘siste
2007 1002 2123 1045 huc'.

427 1075 543 1116 fallit
569 1078 714 1118 autem
740 1077 988 1132 plerumque
1021 1076 1140 1118 verbi
1168 1076 1418 1129 similitudo,
1444 1076 1544 1131 quia
1569 1076 1748 1117 dicimus
1776 1074 1874 1117 esto’
1903 1078 1944 1116 et
1971 1073 2123 1128 ‘sisto',

428 1161 522 1188 cum
556 1147 722 1189 diversa
755 1148 1008 1204 significent.

545 1218 642 1259 635.
692 1235 832 1260 cozzprs
856 1236 1053 1260 pRopszT
1076 1236 1105 1261 F.
1133 1236 1160 1260 s.
1188 1237 1218 1261 L.
1250 1218 1353 1260 bona
1384 1221 1441 1259 est
1464 1209 1766 1259 industria’lzoe
1792 1217 1884 1267 loeo,
1910 1217 2008 1270 quia
2033 1230 2123 1258 cum

426 1302 584 1330 moram
625 1290 719 1331 velit
758 1290 867 1343 fieri,
910 1304 956 1331 ea
1001 1290 1195 1343 loquitur,
1240 1293 1285 1331 ‘ut
1325 1289 1519 1341 festinare
1558 1289 1752 1330 videatur.
1883 1298 2121 1329 SPARGERE

426 1372 613 1401 LYMPHA
647 1361 936 1418 sacrificantes
970 1360 1050 1402 diis
1089 1360 1237 1402 inferis
1276 1360 1615 1415 aspergebantur
1646 1373 1771 1412 aqua,
1813 1361 1859 1400 ut
1890 1358 1979 1412 <VI
2007 1358 2122 1411 230>

428 1445 678 1487 spargens
704 1446 817 1473 rore
843 1432 946 1473 levi
974 1434 1020 1473 et
1046 1446 1182 1473 ramo
1209 1431 1382 1473 felicis
1410 1431 1596 1485 olivae,
1630 1430 1794 1484 superis
1822 1430 2121 1483 abluebantur,

426 1504 475 1543 ut
507 1502 577 1555 <H
612 1503 722 1556 719>
756 1503 912 1545 donec
944 1518 1016 1544 me
1049 1503 1261 1544 flumine
1294 1503 1410 1544 vivo
1444 1502 1676 1543 abluero:
1717 1501 1840 1543 modo
1879 1503 2022 1542 autem
2063 1500 2123 1541 in-

427 1572 532 1614 feris
567 1573 793 1627 sacrificat,
825 1577 873 1616 ut
907 1573 1051 1615 ‘sacra
1082 1574 1174 1615 Iovi
1209 1573 1399 1629 Stygio'.

547 1645 643 1686 636.
694 1662 918 1687 MONSTRATA
947 1646 1006 1687 vel
1037 1659 1138 1698 quae
1175 1646 1265 1698 ‘ipsa
1303 1645 1526 1686 monstravi
1534 1678 1544 1698 ,
1580 1644 1640 1686 vel
1676 1657 1777 1696 quae
1812 1643 2005 1685 sacerdos.

428 1726 626 1757 PIACVLA
658 1715 953 1770 purgationes:
988 1716 1094 1757 alias
1129 1715 1364 1770 sacrilegia.

549 1788 645 1829 637.
697 1797 765 1829 SIC
799 1798 971 1828 VENIAT
998 1788 1334 1839 quemadmodum
1358 1789 1615 1839 praeceptum
1641 1789 1717 1827 est:
1749 1801 1801 1827 ne
1828 1785 2123 1839 praemitteret

429 1861 503 1900 aut
534 1858 816 1913 praecederet.
936 1869 1053 1899 TEGE
1087 1873 1254 1908 corona,
1286 1860 1334 1899 ut
1366 1861 1408 1899 et
1439 1857 1532 1912 ipsa
1562 1857 1764 1898 tardaret.

547 1930 643 1972 638.
694 1947 810 1971 sacrm
845 1928 1048 1971 ‘sacrum’
1081 1933 1138 1971 est
1167 1930 1275 1981 quod
1303 1929 1359 1969 ad
1388 1930 1479 1970 deos
1502 1929 1689 1982 pertinet,
1723 1925 1986 1981 ‘profanum’
2018 1927 2126 1980 quod

430 2002 486 2042 ad
514 2001 704 2043 homines.
826 2013 924 2043 10V1
958 2012 1122 2043 STYGIO
1156 2000 1236 2042 hoc
1269 2002 1333 2041 est
1371 1999 1556 2041 Plutoni.
1618 2002 1660 2040 et
1699 1998 1916 2040 sciendum
1955 1996 2120 2039 Stoicos

430 2073 566 2114 dicere
600 2088 730 2114 unum
763 2087 853 2114 esse
887 2072 1022 2125 deum,
1055 2072 1121 2113 cui
1153 2071 1329 2112 nomina
1367 2071 1589 2111 variantur
1625 2084 1703 2124 pro
1743 2069 1910 2111 actibus
1949 2072 1992 2110 et
2033 2068 2122 2110 offi-

432 2144 519 2185 ciis.
581 2144 691 2185 unde
725 2144 851 2185 etiam
887 2142 1067 2197 duplicis
1103 2156 1226 2183 sexus
1258 2141 1436 2182 numina
1475 2155 1566 2182 esse
1604 2140 1820 2190 dicuntur,
1858 2141 1907 2180 ut
1945 2154 2040 2180 cum
2079 2138 2122 2179 in

527 2278 569 2308 16
597 2272 844 2307 sacrificantes
872 2300 878 2307 .
907 2301 914 2308 .
944 2299 950 2305 .
979 2270 1125 2316 Stygio]
1153 2270 1198 2304 cf.
1224 2270 1385 2304 Macrob.
1414 2270 1490 2304 Sat.
1517 2269 1578 2313 III,
1606 2273 1637 2313 1,
1662 2273 1680 2303 7
1701 2270 1713 2313 ΙΙ
1732 2272 1776 2302 24
1802 2279 1944 2302 sacrum
1971 2296 1978 2303 .
2008 2295 2015 2302 .
2043 2292 2050 2300 .
2076 2266 2122 2301 ad

430 2321 614 2366 homines]
648 2320 691 2355 cf.
720 2319 880 2355 Macrob.
912 2318 985 2353 Sat.
1012 2318 1064 2352 ΙΙΙ
1090 2322 1127 2362 3,
1154 2321 1173 2351 2
1212 2318 1224 2362 ΙΙ
1260 2321 1303 2352 25
1337 2319 1375 2352 et
1406 2317 1593 2352 sciendum
1622 2343 1627 2350 .
1655 2345 1662 2352 .
1691 2344 1698 2352 .
1726 2314 1845 2350 divisa
1870 2314 1975 2360 facit]
2011 2324 2121 2349 exscr.

431 2369 615 2413 mythogr.
643 2368 675 2401 II
702 2368 739 2402 et
763 2367 813 2400 ΙΙΙ
839 2366 877 2401 in
902 2364 1110 2411 prooemiis.

528 2492 541 2520 1
571 2487 694 2531 potest
720 2487 757 2520 et
782 2486 900 2520 omisit
927 2485 1062 2519 Daniel
1092 2485 1104 2528 Η
1135 2483 1304 2517 similiter
1330 2483 1486 2517 Daniel:
1515 2481 1757 2525 similiterque
1783 2481 1822 2515 F
1849 2482 1861 2525 ss
1892 2481 2041 2515 cautum
2067 2481 2122 2515 est

431 2534 527 2568 NL:
556 2536 703 2568 cautum
731 2534 809 2567 erat
828 2532 868 2566 F
902 2533 956 2567 est
982 2533 1131 2566 cautum
1159 2531 1201 2564 H
1235 2529 1414 2564 sancitum
1441 2531 1497 2564 est
1524 2531 1568 2563 M
1607 2529 1682 2564 scm
1709 2529 1766 2563 est
1791 2529 1872 2573 1113
1898 2540 2121 2567 ΝΕΡοΤεερνΕ

433 2580 499 2625 Fu
519 2586 538 2615 6
566 2581 614 2615 ad
638 2580 779 2615 Barcen
805 2591 903 2624 supr.
930 2590 1017 2614 vers.
1045 2579 1113 2613 hoc
1141 2577 1358 2622 cognomine
1385 2576 1528 2612 familia
1551 2576 1763 2611 hannibalis
1791 2575 1863 2610 fuit
1891 2575 1923 2608 T
1939 2577 1950 2619 ΙΙ
1969 2575 2119 2610 anniba-

431 2628 476 2662 lis
498 2628 538 2662 F
553 2630 564 2673 ΙΙ
584 2633 603 2663 8
626 2629 673 2662 ad
699 2627 822 2673 patria
842 2626 995 2671 antiqua
1014 2637 1113 2670 supr.
1134 2637 1220 2659 vers.
1247 2626 1350 2669 tyrus
1377 2624 1440 2659 ubi
1466 2624 1543 2659 eius
1568 2624 1691 2669 patria
1715 2622 1787 2657 fuit
1812 2623 1922 2657 antea
1946 2622 1978 2656 T
1992 2624 2004 2667 ΙΙ
2023 2626 2042 2657 9
2064 2635 2121 2656 mc

431 2676 471 2710 H
488 2677 500 2720 ΙΙ
520 2676 591 2710 huc
618 2675 751 2720 adduc]
779 2675 825 2709 ad
851 2674 971 2709 adhuc
999 2673 1038 2707 F
1059 2675 1070 2717 ΙΙ
1101 2672 1235 2716 adduc]
1263 2673 1382 2706 adhuc
1408 2672 1451 2705 H
1472 2672 1484 2716 ΙΙ
1515 2673 1552 2705 ct
1577 2671 1676 2717 cum]
1704 2682 1785 2705 cum
1813 2681 1831 2704 e
1857 2670 1947 2704 NH
1980 2680 2062 2703 cum
2088 2669 2121 2703 L

431 2734 513 2757 cum
540 2724 577 2757 et
602 2723 650 2757 M
667 2724 679 2767 Η
700 2722 804 2756 sistet
829 2722 959 2755 NLH
975 2722 987 2765 ΙΙ
1008 2725 1050 2754 12
1077 2720 1182 2754 fallet
1210 2719 1248 2753 F
1263 2721 1275 2764 ΙΙ
1293 2719 1489 2763 plerosque
1517 2718 1556 2752 F
1573 2722 1604 2753 et
1621 2719 1826 2762 Stephanus
1844 2719 1856 2761 ΙΙ
1875 2720 1913 2751 et
1938 2716 2028 2751 sisto
2053 2727 2119 2751 om.

430 2770 507 2804 NL
518 2770 560 2804 H
583 2772 694 2813 (supr.
722 2780 809 2804 vers.
837 2770 920 2803 add.
948 2769 973 2812 l)
1005 2769 1017 2812 Η
1051 2772 1093 2801 14
1120 2780 1250 2801 couvvs
1277 2795 1284 2802 .
1314 2794 1320 2800 .
1348 2794 1353 2800 .
1382 2766 1551 2801 videatur
1576 2776 1650 2800 ‘non
1675 2766 1787 2800 edidit
1812 2765 1948 2799 Daniel
1978 2765 1990 2808 ΙΙ
2020 2775 2119 2808 supr.

430 2828 517 2852 ver-5.
546 2821 612 2852 635
640 2817 736 2852 bona
762 2817 817 2851 est
845 2844 850 2850 .
879 2844 884 2850 .
915 2845 920 2851 .
948 2815 1117 2850 uideatur
1148 2814 1204 2857 ΤΙΙ
1231 2815 1285 2848 est
1311 2824 1376 2848 om.
1403 2814 1470 2858 1⁶11
1495 2813 1565 2848 hoc
1590 2813 1672 2848 loco
1699 2811 1786 2857 quia
1810 2823 1873 2846 om.
1902 2811 1941 2844 F
1956 2812 1968 2856 ΙΙ
1996 2815 2038 2846 16
2064 2810 2120 2845 dis

431 2864 514 2898 LH
531 2866 542 2909 ΙΙ
564 2869 605 2899 17
628 2875 778 2909 sparges
799 2863 877 2897 NL
892 2864 929 2896 Il
944 2864 955 2907 Η
975 2867 1018 2897 20
1046 2863 1093 2896 ad
1119 2862 1322 2896 monstrata
1346 2871 1445 2905 supr.
1465 2871 1553 2896 vers.
1580 2860 1641 2894 uel
1667 2870 1759 2904 quae
1787 2888 1792 2894 .
1810 2886 1839 2893 ..
1869 2858 2037 2893 sacerdos
2060 2858 2093 2892 T
2109 2859 2120 2904 Η

433 2916 473 2945 21
503 2911 730 2956 purgationis
756 2911 797 2944 N
819 2912 830 2954 ΙΙ
860 2909 968 2956 alias]
1003 2911 1040 2944 et
1066 2909 1140 2944 alia
1166 2909 1198 2941 L
1236 2909 1272 2942 et
1297 2908 1389 2942 alias
1415 2908 1426 2942 l
1454 2908 1466 2952 ΙΙ
1494 2907 1705 2952 sacrilegia]
1733 2905 1911 2941 sacrificia
1936 2905 1976 2939 F
2010 2904 2119 2939 sacri-

431 2958 531 3003 legia
563 2959 628 2993 aut
660 2957 838 2992 sacrificia
864 2958 1000 2991 Daniel
1020 2957 1165 3000 primus
1195 2957 1206 3000 ΙΙ
1243 2959 1285 2989 22
1313 2956 1361 2989 ad
1388 2954 1439 2989 sic
1464 2955 1589 2989 veniat
1612 2965 1710 2998 supr.
1737 2964 1823 2988 vers.
1849 2952 1887 2986 id
1913 2954 1970 2987 est
1995 2962 2119 2996 quem-

432 3005 629 3040 admodum
740 3004 976 3049 praecederet
1000 3004 1057 3048 ΤΙΙ
1076 3002 1373 3048 praemitteretur
1399 3002 1442 3036 II
1472 3002 1787 3046 praetermitteret
1815 3000 2028 3034 Masvicius.
2067 3010 2117 3033 ee-

431 3055 544 3086 terum
577 3065 621 3087 nc
654 3051 910 3097 praemitteret
943 3052 1007 3086 aut
1038 3050 1276 3095 praecederet
1300 3050 1431 3084 scilieet
1460 3049 1629 3093 ‘pecudes
1654 3052 1685 3083 et
1709 3050 1909 3082 monstrata
1932 3047 2118 3090 piacula',

431 3100 471 3133 id
496 3104 562 3141 esc,
596 3111 639 3133 ne
665 3101 777 3133 Anna
809 3103 892 3133 ante
916 3099 1066 3139 reniret,
1102 3109 1206 3142 qnam
1235 3097 1334 3130 Dido
1359 3107 1488 3130 manus
1513 3097 1583 3130 sibi
1608 3095 1795 3130 intulisset.
1827 3095 1839 3138 ΙΙ
1870 3098 1916 3128 24
1941 3095 1990 3128 ad
2015 3104 2120 3128 sacra

431 3147 468 3179 in
492 3157 601 3190 mars).
624 3158 766 3180 sacrum
788 3147 884 3189 quod
909 3175 914 3180 .
933 3174 938 3180 .
956 3174 961 3179 .
983 3145 1149 3179 hominos
1175 3144 1231 3189 ΤΗ
1250 3149 1293 3178 25
1316 3144 1455 3178 omines
1477 3143 1515 3177 F
1531 3145 1542 3187 ΙΙ
1570 3147 1613 3177 27
1634 3142 1773 3187 duplici
1795 3141 1872 3175 FL
1899 3140 2070 3185 (duplicis
2091 3141 2118 3184 l)
