<?xml version="1.0" encoding="UTF-8"?>
<!DOCTYPE html PUBLIC "-//W3C//DTD XHTML 1.0 Transitional//EN"
    "http://www.w3.org/TR/xhtml1/DTD/xhtml1-transitional.dtd">
<html xmlns="http://www.w3.org/1999/xhtml" xml:lang="en" lang="en">
 <head>
  <title>
</title>
<meta http-equiv="Content-Type" content="text/html;charset=utf-8" />
  <meta name='ocr-system' content='tesseract 3.04.00' />
  <meta name='ocr-capabilities' content='ocr_page ocr_carea ocr_par ocr_line ocrx_word'/>
</head>
<body>
  <div class='ocr_page' id='page_1' title='image "./invergiliicarmin01servuoft_0410.png"; bbox 0 0 2204 3437; ppageno 0'>
   <div class='ocr_carea' id='block_1_1' title="bbox 378 879 421 909">
    <p class='ocr_par' dir='ltr' id='par_1_1' title="bbox 378 879 421 909">
     <span class='ocr_line' id='line_1_1' title="bbox 378 879 421 909; baseline 0 0"><span class='ocrx_word' id='word_1_1' title='bbox 378 879 421 909; x_wconf 90' lang='lat'><strong>10</strong></span> 
     </span>
    </p>
   </div>
   <div class='ocr_carea' id='block_1_2' title="bbox 450 129 1373 171">
    <p class='ocr_par' dir='ltr' id='par_1_2' title="bbox 450 129 1373 171">
     <span class='ocr_line' id='line_1_2' title="bbox 450 129 1373 171; baseline -0.01 0"><span class='ocrx_word' id='word_1_2' title='bbox 450 130 535 171; x_wconf 80' lang='grc'><strong>306</strong></span> <span class='ocrx_word' id='word_1_3' title='bbox 1214 129 1373 163; x_wconf 79' lang='lat' dir='ltr'>SERVII</span> 
     </span>
    </p>
   </div>
   <div class='ocr_carea' id='block_1_3' title="bbox 446 234 2142 926">
    <p class='ocr_par' dir='ltr' id='par_1_3' title="bbox 449 234 2142 350">
     <span class='ocr_line' id='line_1_3' title="bbox 449 234 2142 292; baseline -0.001 -13"><span class='ocrx_word' id='word_1_4' title='bbox 449 241 576 279; x_wconf 88' lang='lat' dir='ltr'><strong>tuus.</strong></span> <span class='ocrx_word' id='word_1_5' title='bbox 637 237 844 279; x_wconf 73' lang='lat' dir='ltr'><strong>Horatius</strong></span> <span class='ocrx_word' id='word_1_6' title='bbox 875 252 1163 292; x_wconf 86' lang='lat' dir='ltr'><strong>puerosque</strong></span> <span class='ocrx_word' id='word_1_7' title='bbox 1195 237 1370 279; x_wconf 89' lang='lat' dir='ltr'><strong>Ledae.</strong></span> <span class='ocrx_word' id='word_1_8' title='bbox 1421 238 1463 278; x_wconf 90' lang='lat' dir='ltr'><strong>et</strong></span> <span class='ocrx_word' id='word_1_9' title='bbox 1496 238 1561 277; x_wconf 90' lang='lat' dir='ltr'><strong>est</strong></span> <span class='ocrx_word' id='word_1_10' title='bbox 1593 234 1820 291; x_wconf 80' lang='lat' dir='ltr'><strong>Graecum,</strong></span> <span class='ocrx_word' id='word_1_11' title='bbox 1851 251 1951 278; x_wconf 87' lang='lat' dir='ltr'><strong>nam</strong></span> <span class='ocrx_word' id='word_1_12' title='bbox 1981 238 2142 286; x_wconf 78' lang='grc' dir='ltr'><strong><em>παῖδας</em></strong></span> 
     </span>
     <span class='ocr_line' id='line_1_4' title="bbox 449 306 1750 350; baseline -0.002 -1"><span class='ocrx_word' id='word_1_13' title='bbox 449 308 606 350; x_wconf 86' lang='lat' dir='ltr'><strong>dicunt.</strong></span> <span class='ocrx_word' id='word_1_14' title='bbox 668 308 881 349; x_wconf 89' lang='lat' dir='ltr'><strong>interdum</strong></span> <span class='ocrx_word' id='word_1_15' title='bbox 913 311 1058 350; x_wconf 88' lang='lat' dir='ltr'><strong>tamen</strong></span> <span class='ocrx_word' id='word_1_16' title='bbox 1092 308 1220 349; x_wconf 89' lang='lat' dir='ltr'><strong>etiam</strong></span> <span class='ocrx_word' id='word_1_17' title='bbox 1254 307 1306 349; x_wconf 83' lang='lat' dir='ltr'><strong>ad</strong></span> <span class='ocrx_word' id='word_1_18' title='bbox 1339 309 1525 348; x_wconf 88' lang='lat' dir='ltr'><strong>aetatem</strong></span> <span class='ocrx_word' id='word_1_19' title='bbox 1557 306 1750 348; x_wconf 85' lang='lat' dir='ltr'><strong>refertur.</strong></span> 
     </span>
    </p>

    <p class='ocr_par' dir='ltr' id='par_1_4' title="bbox 447 379 2141 502">
     <span class='ocr_line' id='line_1_5' title="bbox 567 379 2141 432; baseline -0.001 -11"><span class='ocrx_word' id='word_1_20' title='bbox 567 379 663 421; x_wconf 80' lang='lat'><strong>599.</strong></span> <span class='ocrx_word' id='word_1_21' title='bbox 714 396 857 421; x_wconf 66' lang='lat' dir='ltr'><strong>omem</strong></span> <span class='ocrx_word' id='word_1_22' title='bbox 881 396 1036 421; x_wconf 71' lang='lat' dir='ltr'><strong>ERRANT</strong></span> <span class='ocrx_word' id='word_1_23' title='bbox 1063 380 1181 430; x_wconf 63' lang='lat' dir='ltr'><strong>mire,</strong></span> <span class='ocrx_word' id='word_1_24' title='bbox 1219 379 1338 431; x_wconf 73' lang='lat' dir='ltr'><strong>quusi</strong></span> <span class='ocrx_word' id='word_1_25' title='bbox 1367 380 1621 431; x_wconf 73' lang='lat' dir='ltr'><strong>quaerentes:</strong></span> <span class='ocrx_word' id='word_1_26' title='bbox 1660 381 1867 431; x_wconf 77' lang='lat' dir='ltr'><strong><em>tamquam</em></strong></span> <span class='ocrx_word' id='word_1_27' title='bbox 1890 391 2018 432; x_wconf 69' lang='lat' dir='ltr'><strong>prope</strong></span> <span class='ocrx_word' id='word_1_28' title='bbox 2046 379 2141 432; x_wconf 71' lang='lat' dir='ltr'><strong>sint,</strong></span> 
     </span>
     <span class='ocr_line' id='line_1_6' title="bbox 447 450 1384 502; baseline -0.001 -12"><span class='ocrx_word' id='word_1_29' title='bbox 447 453 483 490; x_wconf 79' lang='lat' dir='ltr'><strong>ct</strong></span> <span class='ocrx_word' id='word_1_30' title='bbox 513 450 644 491; x_wconf 69' lang='lat' dir='ltr'><strong>adhuc</strong></span> <span class='ocrx_word' id='word_1_31' title='bbox 673 464 749 491; x_wconf 77' lang='lat' dir='ltr'><strong>sua</strong></span> <span class='ocrx_word' id='word_1_32' title='bbox 781 463 900 502; x_wconf 70' lang='lat' dir='ltr'><strong>opera</strong></span> <span class='ocrx_word' id='word_1_33' title='bbox 930 450 1048 500; x_wconf 42' lang='lat' dir='ltr'><strong>&#39;ts&#39;zta</strong></span> <span class='ocrx_word' id='word_1_34' title='bbox 1077 464 1160 491; x_wconf 67' lang='lat' dir='ltr'><strong>now,</strong></span> <span class='ocrx_word' id='word_1_35' title='bbox 1190 452 1384 490; x_wconf 66' lang='lat' dir='ltr'><strong>avertant.</strong></span> 
     </span>
    </p>

    <p class='ocr_par' dir='ltr' id='par_1_5' title="bbox 447 518 2142 643">
     <span class='ocr_line' id='line_1_7' title="bbox 566 518 2142 574; baseline 0 -13"><span class='ocrx_word' id='word_1_36' title='bbox 566 520 662 561; x_wconf 85' lang='lat'>600.</span> <span class='ocrx_word' id='word_1_37' title='bbox 712 531 944 561; x_wconf 80' lang='lat' dir='ltr'><strong>HAVSERIT</strong></span> <span class='ocrx_word' id='word_1_38' title='bbox 971 531 1100 562; x_wconf 84' lang='lat' dir='ltr'>ENSIS</span> <span class='ocrx_word' id='word_1_39' title='bbox 1134 523 1207 561; x_wconf 88' lang='lat' dir='ltr'><strong>aut</strong></span> <span class='ocrx_word' id='word_1_40' title='bbox 1237 519 1514 574; x_wconf 83' lang='lat' dir='ltr'><strong>percusserit,</strong></span> <span class='ocrx_word' id='word_1_41' title='bbox 1545 521 1593 560; x_wconf 89' lang='lat' dir='ltr'><strong>ut</strong></span> <span class='ocrx_word' id='word_1_42' title='bbox 1620 518 1688 572; x_wconf 88' lang='lat' dir='ltr'><strong>&lt;X</strong></span> <span class='ocrx_word' id='word_1_43' title='bbox 1707 519 1821 572; x_wconf 83' lang='lat'>314&gt;</span> <span class='ocrx_word' id='word_1_44' title='bbox 1854 519 1990 561; x_wconf 89' lang='lat' dir='ltr'><strong>latus</strong></span> <span class='ocrx_word' id='word_1_45' title='bbox 2022 519 2142 561; x_wconf 88' lang='lat' dir='ltr'><strong>hau—</strong></span> 
     </span>
     <span class='ocr_line' id='line_1_8' title="bbox 447 590 1162 643; baseline 0.003 -14"><span class='ocrx_word' id='word_1_46' title='bbox 447 590 517 630; x_wconf 89' lang='lat' dir='ltr'><strong>rit</strong></span> <span class='ocrx_word' id='word_1_47' title='bbox 550 592 798 643; x_wconf 82' lang='lat' dir='ltr'><strong>apertum3</strong></span> <span class='ocrx_word' id='word_1_48' title='bbox 832 592 905 631; x_wconf 89' lang='lat' dir='ltr'><strong>aut</strong></span> <span class='ocrx_word' id='word_1_49' title='bbox 936 591 1162 631; x_wconf 72' lang='lat' dir='ltr'><strong>voraverit.</strong></span> 
     </span>
    </p>

    <p class='ocr_par' dir='ltr' id='par_1_6' title="bbox 446 659 2142 926">
     <span class='ocr_line' id='line_1_9' title="bbox 566 659 2142 715; baseline 0 -14"><span class='ocrx_word' id='word_1_50' title='bbox 566 660 662 701; x_wconf 79' lang='lat'>601.</span> <span class='ocrx_word' id='word_1_51' title='bbox 712 671 996 702; x_wconf 83' lang='lat' dir='ltr'>TYNDARIDIS</span> <span class='ocrx_word' id='word_1_52' title='bbox 1030 662 1151 715; x_wconf 84' lang='lat' dir='ltr'><strong>atqui</strong></span> <span class='ocrx_word' id='word_1_53' title='bbox 1181 660 1296 702; x_wconf 89' lang='lat' dir='ltr'><strong>Iovis</strong></span> <span class='ocrx_word' id='word_1_54' title='bbox 1336 663 1417 714; x_wconf 85' lang='lat' dir='ltr'><strong>est,</strong></span> <span class='ocrx_word' id='word_1_55' title='bbox 1454 674 1541 701; x_wconf 90' lang='lat' dir='ltr'><strong>non</strong></span> <span class='ocrx_word' id='word_1_56' title='bbox 1572 659 1785 713; x_wconf 83' lang='lat' dir='ltr'>Tyndarei</span> <span class='ocrx_word' id='word_1_57' title='bbox 1821 660 1932 714; x_wconf 81' lang='lat' dir='ltr'><strong>filia3</strong></span> <span class='ocrx_word' id='word_1_58' title='bbox 1976 660 2048 701; x_wconf 89' lang='lat' dir='ltr'><strong>sed</strong></span> <span class='ocrx_word' id='word_1_59' title='bbox 2081 660 2142 701; x_wconf 90' lang='lat' dir='ltr'><strong>sic</strong></span> 
     </span>
     <span class='ocr_line' id='line_1_10' title="bbox 447 729 2142 785; baseline 0 -14"><span class='ocrx_word' id='word_1_60' title='bbox 447 730 625 771; x_wconf 83' lang='lat' dir='ltr'><strong>dicimus</strong></span> <span class='ocrx_word' id='word_1_61' title='bbox 671 729 972 785; x_wconf 71' lang='lat' dir='ltr'><strong>eTyndaridis&#39;</strong></span> <span class='ocrx_word' id='word_1_62' title='bbox 1018 730 1068 771; x_wconf 89' lang='lat' dir='ltr'><strong>de</strong></span> <span class='ocrx_word' id='word_1_63' title='bbox 1107 730 1290 784; x_wconf 73' lang='lat' dir='ltr'><strong>Helena,</strong></span> <span class='ocrx_word' id='word_1_64' title='bbox 1333 733 1382 771; x_wconf 90' lang='lat' dir='ltr'><strong>ut</strong></span> <span class='ocrx_word' id='word_1_65' title='bbox 1425 730 1475 770; x_wconf 88' lang='lat' dir='ltr'><strong>de</strong></span> <span class='ocrx_word' id='word_1_66' title='bbox 1507 729 1690 771; x_wconf 79' lang='lat' dir='ltr'>Hercule</span> <span class='ocrx_word' id='word_1_67' title='bbox 1723 729 2142 784; x_wconf 71' lang='lat' dir='ltr'><strong>Amphitryoniades.</strong></span> 
     </span>
     <span class='ocr_line' id='line_1_11' title="bbox 446 800 2142 855; baseline 0 -14"><span class='ocrx_word' id='word_1_68' title='bbox 446 815 545 841; x_wconf 86' lang='lat' dir='ltr'><strong>nam</strong></span> <span class='ocrx_word' id='word_1_69' title='bbox 577 801 627 842; x_wconf 90' lang='lat' dir='ltr'><strong>de</strong></span> <span class='ocrx_word' id='word_1_70' title='bbox 660 801 761 842; x_wconf 87' lang='lat' dir='ltr'><strong>Iove</strong></span> <span class='ocrx_word' id='word_1_71' title='bbox 794 804 836 842; x_wconf 90' lang='lat' dir='ltr'><strong>et</strong></span> <span class='ocrx_word' id='word_1_72' title='bbox 866 801 982 842; x_wconf 90' lang='lat' dir='ltr'><strong>Leda</strong></span> <span class='ocrx_word' id='word_1_73' title='bbox 1013 801 1103 842; x_wconf 89' lang='lat' dir='ltr'><strong>nati</strong></span> <span class='ocrx_word' id='word_1_74' title='bbox 1143 803 1242 842; x_wconf 90' lang='lat' dir='ltr'><strong>sunt</strong></span> <span class='ocrx_word' id='word_1_75' title='bbox 1273 800 1427 841; x_wconf 86' lang='lat' dir='ltr'><strong>Pollux</strong></span> <span class='ocrx_word' id='word_1_76' title='bbox 1465 802 1508 841; x_wconf 88' lang='lat' dir='ltr'><strong>et</strong></span> <span class='ocrx_word' id='word_1_77' title='bbox 1539 800 1722 855; x_wconf 79' lang='lat' dir='ltr'><strong>Helena,</strong></span> <span class='ocrx_word' id='word_1_78' title='bbox 1761 800 1811 841; x_wconf 87' lang='lat' dir='ltr'><strong>de</strong></span> <span class='ocrx_word' id='word_1_79' title='bbox 1843 800 2066 855; x_wconf 82' lang='lat' dir='ltr'><strong>Tyndareo</strong></span> <span class='ocrx_word' id='word_1_80' title='bbox 2099 802 2142 841; x_wconf 93' lang='lat' dir='ltr'><strong>et</strong></span> 
     </span>
     <span class='ocr_line' id='line_1_12' title="bbox 447 868 2142 926; baseline 0 -15"><span class='ocrx_word' id='word_1_81' title='bbox 447 870 562 912; x_wconf 89' lang='lat' dir='ltr'><strong>Leda</strong></span> <span class='ocrx_word' id='word_1_82' title='bbox 594 870 763 926; x_wconf 78' lang='lat' dir='ltr'><strong>Castor,</strong></span> <span class='ocrx_word' id='word_1_83' title='bbox 803 872 874 926; x_wconf 88' lang='lat' dir='ltr'><strong>qui</strong></span> <span class='ocrx_word' id='word_1_84' title='bbox 907 872 1024 913; x_wconf 88' lang='lat' dir='ltr'><strong>solus</strong></span> <span class='ocrx_word' id='word_1_85' title='bbox 1059 871 1256 912; x_wconf 88' lang='lat' dir='ltr'><strong>mortalis</strong></span> <span class='ocrx_word' id='word_1_86' title='bbox 1295 871 1394 912; x_wconf 88' lang='lat' dir='ltr'><strong>fuit:</strong></span> <span class='ocrx_word' id='word_1_87' title='bbox 1432 870 1542 911; x_wconf 88' lang='lat' dir='ltr'><strong>unde</strong></span> <span class='ocrx_word' id='word_1_88' title='bbox 1574 869 1793 925; x_wconf 83' lang='lat' dir='ltr'><strong>Vergilius</strong></span> <span class='ocrx_word' id='word_1_89' title='bbox 1827 870 1918 924; x_wconf 82' lang='lat' dir='ltr'><strong>&lt;VI</strong></span> <span class='ocrx_word' id='word_1_90' title='bbox 1954 868 2065 924; x_wconf 77' lang='lat'>121&gt;</span> <span class='ocrx_word' id='word_1_91' title='bbox 2099 871 2142 911; x_wconf 90' lang='lat' dir='ltr'><strong>si</strong></span> 
     </span>
    </p>
   </div>
   <div class='ocr_carea' id='block_1_4' title="bbox 419 941 2141 996">
    <p class='ocr_par' dir='ltr' id='par_1_7' title="bbox 419 941 2141 996">
     <span class='ocr_line' id='line_1_13' title="bbox 419 941 2141 996; baseline 0 -14"><span class='ocrx_word' id='word_1_92' title='bbox 419 942 658 983; x_wconf 65' lang='lat' dir='ltr'><strong>vfratrem</strong></span> <span class='ocrx_word' id='word_1_93' title='bbox 701 942 887 984; x_wconf 81' lang='lat' dir='ltr'><strong>Pollux</strong></span> <span class='ocrx_word' id='word_1_94' title='bbox 933 943 1135 983; x_wconf 88' lang='lat' dir='ltr'><strong>alterna</strong></span> <span class='ocrx_word' id='word_1_95' title='bbox 1176 944 1336 983; x_wconf 90' lang='lat' dir='ltr'><strong>morte</strong></span> <span class='ocrx_word' id='word_1_96' title='bbox 1380 941 1618 995; x_wconf 81' lang='lat' dir='ltr'><strong>redemit,</strong></span> <span class='ocrx_word' id='word_1_97' title='bbox 1668 941 1740 996; x_wconf 84' lang='lat' dir='ltr'><strong>qui</strong></span> <span class='ocrx_word' id='word_1_98' title='bbox 1784 942 2141 983; x_wconf 71' lang='lat' dir='ltr'><strong>inmortalitatem</strong></span> 
     </span>
    </p>
   </div>
   <div class='ocr_carea' id='block_1_5' title="bbox 376 1232 418 1262">
    <p class='ocr_par' dir='ltr' id='par_1_8' title="bbox 376 1232 418 1262">
     <span class='ocr_line' id='line_1_14' title="bbox 376 1232 418 1262; baseline 0.024 -1"><span class='ocrx_word' id='word_1_99' title='bbox 376 1232 418 1262; x_wconf 83' lang='lat'><strong>15</strong></span> 
     </span>
    </p>
   </div>
   <div class='ocr_carea' id='block_1_6' title="bbox 443 1011 2145 1842">
    <p class='ocr_par' dir='ltr' id='par_1_9' title="bbox 443 1011 2145 1842">
     <span class='ocr_line' id='line_1_15' title="bbox 447 1011 2142 1067; baseline 0 -14"><span class='ocrx_word' id='word_1_100' title='bbox 447 1027 568 1053; x_wconf 88' lang='lat' dir='ltr'><strong>suam</strong></span> <span class='ocrx_word' id='word_1_101' title='bbox 601 1027 695 1053; x_wconf 90' lang='lat' dir='ltr'><strong>cum</strong></span> <span class='ocrx_word' id='word_1_102' title='bbox 727 1013 861 1054; x_wconf 87' lang='lat' dir='ltr'><strong>fratre</strong></span> <span class='ocrx_word' id='word_1_103' title='bbox 892 1013 1077 1067; x_wconf 87' lang='lat' dir='ltr'><strong>partitus</strong></span> <span class='ocrx_word' id='word_1_104' title='bbox 1110 1014 1185 1055; x_wconf 90' lang='lat' dir='ltr'><strong>est.</strong></span> <span class='ocrx_word' id='word_1_105' title='bbox 1238 1012 1450 1053; x_wconf 84' lang='lat' dir='ltr'><strong>Helenam</strong></span> <span class='ocrx_word' id='word_1_106' title='bbox 1482 1027 1582 1053; x_wconf 84' lang='lat' dir='ltr'><strong>vero</strong></span> <span class='ocrx_word' id='word_1_107' title='bbox 1615 1012 1887 1054; x_wconf 81' lang='lat' dir='ltr'><strong>inmortalem</strong></span> <span class='ocrx_word' id='word_1_108' title='bbox 1918 1011 2048 1053; x_wconf 87' lang='lat' dir='ltr'><strong>fuisse</strong></span> <span class='ocrx_word' id='word_1_109' title='bbox 2080 1012 2142 1053; x_wconf 91' lang='lat' dir='ltr'><strong>in-</strong></span> 
     </span>
     <span class='ocr_line' id='line_1_16' title="bbox 446 1082 2140 1137; baseline 0.001 -15"><span class='ocrx_word' id='word_1_110' title='bbox 446 1083 560 1124; x_wconf 89' lang='lat' dir='ltr'><strong>dicat</strong></span> <span class='ocrx_word' id='word_1_111' title='bbox 602 1086 782 1137; x_wconf 88' lang='lat' dir='ltr'><strong>tempus.</strong></span> <span class='ocrx_word' id='word_1_112' title='bbox 849 1098 950 1124; x_wconf 88' lang='lat' dir='ltr'><strong>nam</strong></span> <span class='ocrx_word' id='word_1_113' title='bbox 994 1085 1163 1124; x_wconf 88' lang='lat' dir='ltr'><strong>constat</strong></span> <span class='ocrx_word' id='word_1_114' title='bbox 1207 1082 1362 1123; x_wconf 88' lang='lat' dir='ltr'><strong>fratres</strong></span> <span class='ocrx_word' id='word_1_115' title='bbox 1407 1083 1495 1124; x_wconf 91' lang='lat' dir='ltr'><strong>eius</strong></span> <span class='ocrx_word' id='word_1_116' title='bbox 1541 1097 1637 1124; x_wconf 88' lang='lat' dir='ltr'><strong>cum</strong></span> <span class='ocrx_word' id='word_1_117' title='bbox 1682 1082 1947 1137; x_wconf 81' lang='lat' dir='ltr'><strong>Argonautis</strong></span> <span class='ocrx_word' id='word_1_118' title='bbox 1991 1082 2140 1124; x_wconf 87' lang='lat' dir='ltr'><strong>fuisse:</strong></span> 
     </span>
     <span class='ocr_line' id='line_1_17' title="bbox 445 1153 2141 1208; baseline 0 -14"><span class='ocrx_word' id='word_1_119' title='bbox 445 1153 796 1208; x_wconf 80' lang='lat' dir='ltr'><strong>Argonautarum</strong></span> <span class='ocrx_word' id='word_1_120' title='bbox 827 1153 909 1194; x_wconf 90' lang='lat' dir='ltr'><strong>filii</strong></span> <span class='ocrx_word' id='word_1_121' title='bbox 941 1168 1035 1194; x_wconf 87' lang='lat' dir='ltr'><strong>cum</strong></span> <span class='ocrx_word' id='word_1_122' title='bbox 1067 1153 1280 1193; x_wconf 84' lang='lat' dir='ltr'><strong>Thebanis</strong></span> <span class='ocrx_word' id='word_1_123' title='bbox 1313 1153 1409 1194; x_wconf 77' lang='lat' dir='ltr'><strong>bello</strong></span> <span class='ocrx_word' id='word_1_124' title='bbox 1442 1153 1764 1195; x_wconf 87' lang='lat' dir='ltr'><strong>dimicaverunt.</strong></span> <span class='ocrx_word' id='word_1_125' title='bbox 1826 1154 1930 1194; x_wconf 91' lang='lat' dir='ltr'><strong>item</strong></span> <span class='ocrx_word' id='word_1_126' title='bbox 1966 1153 2141 1194; x_wconf 89' lang='lat' dir='ltr'><strong>illorum</strong></span> 
     </span>
     <span class='ocr_line' id='line_1_18' title="bbox 444 1223 2143 1278; baseline 0 -14"><span class='ocrx_word' id='word_1_127' title='bbox 444 1223 525 1264; x_wconf 84' lang='lat' dir='ltr'><strong>filii</strong></span> <span class='ocrx_word' id='word_1_128' title='bbox 558 1226 706 1265; x_wconf 88' lang='lat' dir='ltr'><strong>contra</strong></span> <span class='ocrx_word' id='word_1_129' title='bbox 739 1223 913 1264; x_wconf 86' lang='lat' dir='ltr'><strong>Troiam</strong></span> <span class='ocrx_word' id='word_1_130' title='bbox 945 1223 1062 1264; x_wconf 89' lang='lat' dir='ltr'><strong>bella</strong></span> <span class='ocrx_word' id='word_1_131' title='bbox 1093 1226 1328 1276; x_wconf 82' lang='lat' dir='ltr'><strong>gesserunt.</strong></span> <span class='ocrx_word' id='word_1_132' title='bbox 1385 1237 1486 1278; x_wconf 82' lang='lat' dir='ltr'><strong>ergo</strong></span> <span class='ocrx_word' id='word_1_133' title='bbox 1519 1224 1554 1264; x_wconf 89' lang='lat' dir='ltr'><strong>si</strong></span> <span class='ocrx_word' id='word_1_134' title='bbox 1586 1224 1828 1265; x_wconf 88' lang='lat' dir='ltr'><strong>inmortalis</strong></span> <span class='ocrx_word' id='word_1_135' title='bbox 1860 1223 2027 1264; x_wconf 89' lang='lat' dir='ltr'><strong>Helena</strong></span> <span class='ocrx_word' id='word_1_136' title='bbox 2057 1238 2143 1264; x_wconf 89' lang='lat' dir='ltr'><strong>non</strong></span> 
     </span>
     <span class='ocr_line' id='line_1_19' title="bbox 444 1293 2143 1348; baseline 0 -14"><span class='ocrx_word' id='word_1_137' title='bbox 444 1294 613 1348; x_wconf 83' lang='lat' dir='ltr'><strong>fuisset,</strong></span> <span class='ocrx_word' id='word_1_138' title='bbox 657 1296 724 1335; x_wconf 90' lang='lat' dir='ltr'><strong>tot</strong></span> <span class='ocrx_word' id='word_1_139' title='bbox 765 1294 856 1335; x_wconf 90' lang='lat' dir='ltr'><strong>sine</strong></span> <span class='ocrx_word' id='word_1_140' title='bbox 897 1294 1026 1334; x_wconf 88' lang='lat' dir='ltr'><strong>dubio</strong></span> <span class='ocrx_word' id='word_1_141' title='bbox 1072 1293 1254 1334; x_wconf 89' lang='lat' dir='ltr'><strong>saeculis</strong></span> <span class='ocrx_word' id='word_1_142' title='bbox 1298 1294 1450 1334; x_wconf 88' lang='lat' dir='ltr'><strong>durare</strong></span> <span class='ocrx_word' id='word_1_143' title='bbox 1495 1309 1583 1336; x_wconf 93' lang='lat' dir='ltr'><strong>non</strong></span> <span class='ocrx_word' id='word_1_144' title='bbox 1627 1297 1786 1348; x_wconf 86' lang='lat' dir='ltr'><strong>posset.</strong></span> <span class='ocrx_word' id='word_1_145' title='bbox 1847 1294 1958 1335; x_wconf 87' lang='lat' dir='ltr'><strong>hanc</strong></span> <span class='ocrx_word' id='word_1_146' title='bbox 1999 1296 2143 1335; x_wconf 88' lang='lat' dir='ltr'><strong>autem</strong></span> 
     </span>
     <span class='ocr_line' id='line_1_20' title="bbox 444 1363 2142 1420; baseline 0 -15"><span class='ocrx_word' id='word_1_147' title='bbox 444 1365 627 1420; x_wconf 82' lang='lat' dir='ltr'><strong>legimus</strong></span> <span class='ocrx_word' id='word_1_148' title='bbox 653 1365 772 1418; x_wconf 88' lang='lat' dir='ltr'><strong>prius</strong></span> <span class='ocrx_word' id='word_1_149' title='bbox 800 1380 825 1405; x_wconf 93' lang='lat' dir='ltr'><strong>a</strong></span> <span class='ocrx_word' id='word_1_150' title='bbox 849 1363 1016 1405; x_wconf 88' lang='lat' dir='ltr'><strong>Theseo</strong></span> <span class='ocrx_word' id='word_1_151' title='bbox 1043 1366 1213 1418; x_wconf 86' lang='lat' dir='ltr'><strong>raptam</strong></span> <span class='ocrx_word' id='word_1_152' title='bbox 1239 1366 1282 1405; x_wconf 92' lang='lat' dir='ltr'><strong>et</strong></span> <span class='ocrx_word' id='word_1_153' title='bbox 1306 1364 1352 1404; x_wconf 88' lang='lat' dir='ltr'><strong>in</strong></span> <span class='ocrx_word' id='word_1_154' title='bbox 1379 1363 1581 1418; x_wconf 82' lang='lat' dir='ltr'><strong>Aegypto</strong></span> <span class='ocrx_word' id='word_1_155' title='bbox 1606 1365 1948 1406; x_wconf 85' lang='lat' dir='ltr'><strong>commendatam</strong></span> <span class='ocrx_word' id='word_1_156' title='bbox 1973 1364 2142 1406; x_wconf 89' lang='lat' dir='ltr'><strong>Proteo.</strong></span> 
     </span>
     <span class='ocr_line' id='line_1_21' title="bbox 446 1435 2144 1489; baseline 0 -13"><span class='ocrx_word' id='word_1_157' title='bbox 446 1436 533 1476; x_wconf 79' lang='lat' dir='ltr'><strong>Ze&#39;cct</strong></span> <span class='ocrx_word' id='word_1_158' title='bbox 564 1436 651 1476; x_wconf 45' lang='lat' dir='ltr'><strong>alia&gt;</strong></span> <span class='ocrx_word' id='word_1_159' title='bbox 678 1435 824 1487; x_wconf 74' lang='lat' dir='ltr'><strong>fabula</strong></span> <span class='ocrx_word' id='word_1_160' title='bbox 854 1449 881 1476; x_wconf 81' lang='lat' dir='ltr'><strong>a</strong></span> <span class='ocrx_word' id='word_1_161' title='bbox 912 1435 1066 1476; x_wconf 71' lang='lat' dir='ltr'><strong>Paride</strong></span> <span class='ocrx_word' id='word_1_162' title='bbox 1096 1438 1260 1487; x_wconf 68' lang='lat' dir='ltr'><strong>raptam</strong></span> <span class='ocrx_word' id='word_1_163' title='bbox 1292 1438 1345 1488; x_wconf 75' lang='lat' dir='ltr'><strong>ct,</strong></span> <span class='ocrx_word' id='word_1_164' title='bbox 1377 1448 1467 1476; x_wconf 78' lang='lat' dir='ltr'><strong>cum</strong></span> <span class='ocrx_word' id='word_1_165' title='bbox 1499 1436 1555 1475; x_wconf 72' lang='lat' dir='ltr'><strong>cut</strong></span> <span class='ocrx_word' id='word_1_166' title='bbox 1583 1435 1813 1489; x_wconf 68' lang='lat' dir='ltr'><strong>Acyyptmn</strong></span> <span class='ocrx_word' id='word_1_167' title='bbox 1844 1449 1932 1476; x_wconf 74' lang='lat' dir='ltr'><strong>cum</strong></span> <span class='ocrx_word' id='word_1_168' title='bbox 1962 1449 2009 1477; x_wconf 81' lang='lat' dir='ltr'><strong>ca</strong></span> <span class='ocrx_word' id='word_1_169' title='bbox 2040 1436 2144 1489; x_wconf 81' lang='lat' dir='ltr'><strong>isset,</strong></span> 
     </span>
     <span class='ocr_line' id='line_1_22' title="bbox 444 1504 2143 1559; baseline 0.001 -14"><span class='ocrx_word' id='word_1_170' title='bbox 444 1520 471 1546; x_wconf 76' lang='lat' dir='ltr'><strong>a</strong></span> <span class='ocrx_word' id='word_1_171' title='bbox 502 1506 662 1559; x_wconf 75' lang='lat' dir='ltr'><strong>Proteo,</strong></span> <span class='ocrx_word' id='word_1_172' title='bbox 703 1506 855 1559; x_wconf 67' lang='lat' dir='ltr'><strong>cogym‘to</strong></span> <span class='ocrx_word' id='word_1_173' title='bbox 896 1509 1036 1559; x_wconf 68' lang='lat' dir='ltr'><strong>raptu,</strong></span> <span class='ocrx_word' id='word_1_174' title='bbox 1074 1505 1322 1547; x_wconf 67' lang='lat' dir='ltr'><strong>subtractam</strong></span> <span class='ocrx_word' id='word_1_175' title='bbox 1359 1504 1510 1546; x_wconf 61' lang='lat' dir='ltr'><strong>Paridi</strong></span> <span class='ocrx_word' id='word_1_176' title='bbox 1550 1506 1668 1546; x_wconf 77' lang='lat' dir='ltr'><strong>dicat.</strong></span> <span class='ocrx_word' id='word_1_177' title='bbox 1789 1517 1949 1547; x_wconf 82' lang='lat' dir='ltr'>FACIES</span> <span class='ocrx_word' id='word_1_178' title='bbox 1988 1516 2143 1546; x_wconf 81' lang='lat' dir='ltr'>INVISA</span> 
     </span>
     <span class='ocr_line' id='line_1_23' title="bbox 444 1575 2144 1631; baseline -0.001 -14"><span class='ocrx_word' id='word_1_179' title='bbox 444 1576 718 1630; x_wconf 86' lang='lat' dir='ltr'><strong>pulchritudo</strong></span> <span class='ocrx_word' id='word_1_180' title='bbox 747 1575 935 1617; x_wconf 86' lang='lat' dir='ltr'><strong>Helenae</strong></span> <span class='ocrx_word' id='word_1_181' title='bbox 968 1576 1133 1630; x_wconf 82' lang='lat' dir='ltr'><strong>odiosa,</strong></span> <span class='ocrx_word' id='word_1_182' title='bbox 1166 1575 1208 1616; x_wconf 91' lang='lat' dir='ltr'><strong>id</strong></span> <span class='ocrx_word' id='word_1_183' title='bbox 1241 1578 1306 1616; x_wconf 87' lang='lat' dir='ltr'><strong>est</strong></span> <span class='ocrx_word' id='word_1_184' title='bbox 1331 1575 1507 1617; x_wconf 89' lang='lat' dir='ltr'><strong>Helena.</strong></span> <span class='ocrx_word' id='word_1_185' title='bbox 1559 1578 1600 1617; x_wconf 90' lang='lat' dir='ltr'><strong>et</strong></span> <span class='ocrx_word' id='word_1_186' title='bbox 1633 1578 1699 1617; x_wconf 87' lang='lat' dir='ltr'><strong>est</strong></span> <span class='ocrx_word' id='word_1_187' title='bbox 1725 1575 1955 1631; x_wconf 78' lang='lat' dir='ltr'><strong>Graecum,</strong></span> <span class='ocrx_word' id='word_1_188' title='bbox 1984 1578 2033 1617; x_wconf 89' lang='lat' dir='ltr'><strong>ut</strong></span> <span class='ocrx_word' id='word_1_189' title='bbox 2065 1575 2144 1616; x_wconf 76' lang='lat' dir='ltr'><strong>‘vis</strong></span> 
     </span>
     <span class='ocr_line' id='line_1_24' title="bbox 444 1645 2145 1700; baseline 0 -13"><span class='ocrx_word' id='word_1_190' title='bbox 444 1645 685 1700; x_wconf 82' lang='lat' dir='ltr'><strong>Herculea&#39;,</strong></span> <span class='ocrx_word' id='word_1_191' title='bbox 715 1646 796 1687; x_wconf 89' lang='grc'><strong>1106</strong></span> <span class='ocrx_word' id='word_1_192' title='bbox 829 1649 894 1687; x_wconf 93' lang='lat' dir='ltr'><strong>est</strong></span> <span class='ocrx_word' id='word_1_193' title='bbox 920 1646 1139 1688; x_wconf 88' lang='lat' dir='ltr'><strong>Hercules.</strong></span> <span class='ocrx_word' id='word_1_194' title='bbox 1190 1647 1362 1688; x_wconf 74' lang='lat' dir='ltr'><strong>ostendit</strong></span> <span class='ocrx_word' id='word_1_195' title='bbox 1390 1650 1526 1687; x_wconf 72' lang='lat' dir='ltr'><strong>autem</strong></span> <span class='ocrx_word' id='word_1_196' title='bbox 1556 1650 1730 1687; x_wconf 72' lang='lat' dir='ltr'><strong>naturae</strong></span> <span class='ocrx_word' id='word_1_197' title='bbox 1760 1647 1921 1700; x_wconf 71' lang='lat' dir='ltr'><strong>culpam</strong></span> <span class='ocrx_word' id='word_1_198' title='bbox 1951 1660 2034 1688; x_wconf 67' lang='lat' dir='ltr'><strong>nou</strong></span> <span class='ocrx_word' id='word_1_199' title='bbox 2065 1660 2145 1688; x_wconf 81' lang='lat' dir='ltr'><strong>csso</strong></span> 
     </span>
     <span class='ocr_line' id='line_1_25' title="bbox 443 1716 2142 1770; baseline -0.001 -12"><span class='ocrx_word' id='word_1_200' title='bbox 443 1717 674 1759; x_wconf 62' lang='lat' dir='ltr'><strong>hominibus</strong></span> <span class='ocrx_word' id='word_1_201' title='bbox 699 1717 1015 1758; x_wconf 57' lang='lat' dir='ltr'><strong>adscribendam.</strong></span> <span class='ocrx_word' id='word_1_202' title='bbox 1059 1717 1081 1740; x_wconf 69' lang='lat'><strong>²¹²</strong></span> <span class='ocrx_word' id='word_1_203' title='bbox 1095 1730 1193 1758; x_wconf 67' lang='lat' dir='ltr'><strong>some</strong></span> <span class='ocrx_word' id='word_1_204' title='bbox 1217 1717 1386 1770; x_wconf 73' lang='lat' dir='ltr'><strong>quidam</strong></span> <span class='ocrx_word' id='word_1_205' title='bbox 1412 1716 1575 1758; x_wconf 61' lang='lat' dir='ltr'><strong>‘invisa&#39;</strong></span> <span class='ocrx_word' id='word_1_206' title='bbox 1601 1718 1775 1770; x_wconf 69' lang='lat' dir='ltr'><strong>ffiyuratc</strong></span> <span class='ocrx_word' id='word_1_207' title='bbox 1800 1718 1951 1759; x_wconf 68' lang='lat' dir='ltr'><strong>dictum</strong></span> <span class='ocrx_word' id='word_1_208' title='bbox 1968 1720 2142 1770; x_wconf 39' lang='lat' dir='ltr'><strong>mmm&amp;</strong></span> 
     </span>
     <span class='ocr_line' id='line_1_26' title="bbox 445 1787 2144 1842; baseline 0 -13"><span class='ocrx_word' id='word_1_209' title='bbox 445 1789 640 1829; x_wconf 70' lang='lat' dir='ltr'><strong>adsermzt</strong></span> <span class='ocrx_word' id='word_1_210' title='bbox 669 1788 777 1829; x_wconf 71' lang='lat' dir='ltr'><strong>cmm</strong></span> <span class='ocrx_word' id='word_1_211' title='bbox 808 1788 864 1828; x_wconf 74' lang='lat' dir='ltr'><strong>ad</strong></span> <span class='ocrx_word' id='word_1_212' title='bbox 896 1787 1064 1829; x_wconf 72' lang='lat' dir='ltr'><strong>Troiam</strong></span> <span class='ocrx_word' id='word_1_213' title='bbox 1095 1788 1299 1829; x_wconf 68' lang='lat' dir='ltr'><strong>Helenam</strong></span> <span class='ocrx_word' id='word_1_214' title='bbox 1335 1801 1417 1829; x_wconf 65' lang='lat' dir='ltr'><strong>ozon</strong></span> <span class='ocrx_word' id='word_1_215' title='bbox 1456 1788 1623 1842; x_wconf 69' lang='lat' dir='ltr'><strong>venisse,</strong></span> <span class='ocrx_word' id='word_1_216' title='bbox 1664 1788 1710 1829; x_wconf 66' lang='lat' dir='ltr'><strong>id</strong></span> <span class='ocrx_word' id='word_1_217' title='bbox 1745 1791 1802 1829; x_wconf 86' lang='lat' dir='ltr'><strong>cst</strong></span> <span class='ocrx_word' id='word_1_218' title='bbox 1835 1802 1920 1829; x_wconf 68' lang='lat' dir='ltr'><strong>ozon</strong></span> <span class='ocrx_word' id='word_1_219' title='bbox 1954 1789 2086 1829; x_wconf 73' lang='lat' dir='ltr'><strong>visam</strong></span> <span class='ocrx_word' id='word_1_220' title='bbox 2117 1801 2144 1828; x_wconf 86' lang='lat' dir='ltr'><strong>a</strong></span> 
     </span>
    </p>
   </div>
   <div class='ocr_carea' id='block_1_7' title="bbox 589 1871 727 1874">
    <p class='ocr_par' dir='ltr' id='par_1_10' title="bbox 589 1871 727 1874">
     <span class='ocr_line' id='line_1_27' title="bbox 589 1871 727 1874; baseline 0 0"><span class='ocrx_word' id='word_1_221' title='bbox 589 1871 727 1874; x_wconf 95' lang='lat' dir='ltr'><strong> </strong></span> 
     </span>
    </p>
   </div>
   <div class='ocr_carea' id='block_1_8' title="bbox 446 1914 2142 2007">
    <p class='ocr_par' dir='ltr' id='par_1_11' title="bbox 446 1914 2142 2007">
     <span class='ocr_line' id='line_1_28' title="bbox 542 1914 2142 1961; baseline 0.001 -13"><span class='ocrx_word' id='word_1_222' title='bbox 542 1919 559 1948; x_wconf 92' lang='lat'>1</span> <span class='ocrx_word' id='word_1_223' title='bbox 587 1914 778 1959; x_wconf 86' lang='lat' dir='ltr'><strong>Horatius]</strong></span> <span class='ocrx_word' id='word_1_224' title='bbox 807 1925 917 1948; x_wconf 87' lang='lat' dir='ltr'><strong>carm.</strong></span> <span class='ocrx_word' id='word_1_225' title='bbox 938 1914 954 1947; x_wconf 89' lang='grc' dir='ltr'>Ι</span> <span class='ocrx_word' id='word_1_226' title='bbox 976 1918 1030 1958; x_wconf 91' lang='grc'><strong>12,</strong></span> <span class='ocrx_word' id='word_1_227' title='bbox 1051 1918 1095 1949; x_wconf 83' lang='grc'><strong>25</strong></span> <span class='ocrx_word' id='word_1_228' title='bbox 1115 1916 1127 1959; x_wconf 80' lang='grc' dir='ltr'><strong>ΙΙ</strong></span> <span class='ocrx_word' id='word_1_229' title='bbox 1147 1916 1184 1949; x_wconf 89' lang='lat' dir='ltr'><strong>et</strong></span> <span class='ocrx_word' id='word_1_230' title='bbox 1210 1916 1265 1949; x_wconf 89' lang='lat' dir='ltr'><strong>est</strong></span> <span class='ocrx_word' id='word_1_231' title='bbox 1285 1915 1465 1950; x_wconf 82' lang='lat' dir='ltr'><strong>Graecum</strong></span> <span class='ocrx_word' id='word_1_232' title='bbox 1492 1926 1520 1950; x_wconf 93' lang='lat' dir='ltr'><strong>e.</strong></span> <span class='ocrx_word' id='word_1_233' title='bbox 1543 1927 1576 1958; x_wconf 88' lang='lat' dir='ltr'><strong>q.</strong></span> <span class='ocrx_word' id='word_1_234' title='bbox 1599 1915 1643 1961; x_wconf 89' lang='lat' dir='ltr'><strong>s.]</strong></span> <span class='ocrx_word' id='word_1_235' title='bbox 1670 1915 1714 1949; x_wconf 87' lang='lat' dir='ltr'><strong>cf.</strong></span> <span class='ocrx_word' id='word_1_236' title='bbox 1735 1915 1828 1950; x_wconf 91' lang='lat' dir='ltr'><strong>Don.</strong></span> <span class='ocrx_word' id='word_1_237' title='bbox 1855 1915 1903 1949; x_wconf 86' lang='lat' dir='ltr'><strong>ad</strong></span> <span class='ocrx_word' id='word_1_238' title='bbox 1929 1915 2010 1950; x_wconf 87' lang='lat' dir='ltr'><strong>Ter.</strong></span> <span class='ocrx_word' id='word_1_239' title='bbox 2031 1915 2142 1950; x_wconf 84' lang='lat' dir='ltr'><strong>Andr.</strong></span> 
     </span>
     <span class='ocr_line' id='line_1_29' title="bbox 446 1961 2142 2007; baseline 0.001 -12"><span class='ocrx_word' id='word_1_240' title='bbox 446 1963 480 1995; x_wconf 86' lang='grc' dir='ltr'><strong>ΙΙ</strong></span> <span class='ocrx_word' id='word_1_241' title='bbox 506 1966 538 2005; x_wconf 89' lang='lat'><strong>3,</strong></span> <span class='ocrx_word' id='word_1_242' title='bbox 560 1966 603 1996; x_wconf 86' lang='grc'><strong>26</strong></span> <span class='ocrx_word' id='word_1_243' title='bbox 623 1963 635 2006; x_wconf 84' lang='grc' dir='ltr'><strong>ΙΙ</strong></span> <span class='ocrx_word' id='word_1_244' title='bbox 657 1966 697 1996; x_wconf 89' lang='grc'><strong>12</strong></span> <span class='ocrx_word' id='word_1_245' title='bbox 724 1961 906 1996; x_wconf 87' lang='lat' dir='ltr'><strong>Helenam</strong></span> <span class='ocrx_word' id='word_1_246' title='bbox 931 1972 1017 1996; x_wconf 88' lang='lat' dir='ltr'><strong>vero</strong></span> <span class='ocrx_word' id='word_1_247' title='bbox 1045 1989 1052 1997; x_wconf 83' lang='lat'><strong>.</strong></span> <span class='ocrx_word' id='word_1_248' title='bbox 1080 1989 1087 1995; x_wconf 94' lang='lat'>.</span> <span class='ocrx_word' id='word_1_249' title='bbox 1116 1990 1122 1996; x_wconf 93' lang='lat'>.</span> <span class='ocrx_word' id='word_1_250' title='bbox 1151 1963 1448 1997; x_wconf 86' lang='lat' dir='ltr'><strong>commendatam</strong></span> <span class='ocrx_word' id='word_1_251' title='bbox 1474 1962 1625 2007; x_wconf 89' lang='lat' dir='ltr'><strong>Proteo]</strong></span> <span class='ocrx_word' id='word_1_252' title='bbox 1653 1973 1765 1997; x_wconf 83' lang='lat' dir='ltr'><strong>exscr.</strong></span> <span class='ocrx_word' id='word_1_253' title='bbox 1792 1962 1977 2007; x_wconf 84' lang='lat' dir='ltr'><strong>mythogr.</strong></span> <span class='ocrx_word' id='word_1_254' title='bbox 2002 1962 2037 1996; x_wconf 92' lang='lat' dir='ltr'><strong>II</strong></span> <span class='ocrx_word' id='word_1_255' title='bbox 2065 1966 2142 1996; x_wconf 84' lang='lat'>132.</span> 
     </span>
    </p>
   </div>
   <div class='ocr_carea' id='block_1_9' title="bbox 444 2009 599 2052">
    <p class='ocr_par' dir='ltr' id='par_1_12' title="bbox 444 2009 599 2052">
     <span class='ocr_line' id='line_1_30' title="bbox 444 2009 599 2052; baseline 0.006 -9"><span class='ocrx_word' id='word_1_256' title='bbox 444 2009 494 2043; x_wconf 92' lang='lat' dir='ltr'><strong>III</strong></span> <span class='ocrx_word' id='word_1_257' title='bbox 520 2013 551 2052; x_wconf 87' lang='lat'><strong>3,</strong></span> <span class='ocrx_word' id='word_1_258' title='bbox 579 2013 599 2044; x_wconf 82' lang='lat'>8</span> 
     </span>
    </p>
   </div>
   <div class='ocr_carea' id='block_1_10' title="bbox 447 2082 576 2086">
    <p class='ocr_par' dir='ltr' id='par_1_13' title="bbox 447 2082 576 2086">
     <span class='ocr_line' id='line_1_31' title="bbox 447 2082 576 2086; baseline 0 0"><span class='ocrx_word' id='word_1_259' title='bbox 447 2082 576 2086; x_wconf 95' lang='lat' dir='ltr'><strong> </strong></span> 
     </span>
    </p>
   </div>
   <div class='ocr_carea' id='block_1_11' title="bbox 444 2125 2143 3106">
    <p class='ocr_par' dir='ltr' id='par_1_14' title="bbox 444 2125 2143 3106">
     <span class='ocr_line' id='line_1_32' title="bbox 542 2125 2142 2171; baseline -0.001 -11"><span class='ocrx_word' id='word_1_260' title='bbox 542 2131 558 2160; x_wconf 92' lang='lat'>1</span> <span class='ocrx_word' id='word_1_261' title='bbox 587 2126 762 2160; x_wconf 87' lang='lat' dir='ltr'><strong>Horatius</strong></span> <span class='ocrx_word' id='word_1_262' title='bbox 788 2137 853 2161; x_wconf 81' lang='lat' dir='ltr'><strong>om.</strong></span> <span class='ocrx_word' id='word_1_263' title='bbox 881 2127 925 2160; x_wconf 82' lang='lat' dir='ltr'><strong>H</strong></span> <span class='ocrx_word' id='word_1_264' title='bbox 939 2128 950 2171; x_wconf 81' lang='grc' dir='ltr'><strong>ΙΙ</strong></span> <span class='ocrx_word' id='word_1_265' title='bbox 976 2126 1106 2160; x_wconf 87' lang='lat' dir='ltr'><strong>laedae</strong></span> <span class='ocrx_word' id='word_1_266' title='bbox 1135 2126 1213 2160; x_wconf 79' lang='lat' dir='ltr'><strong>GH</strong></span> <span class='ocrx_word' id='word_1_267' title='bbox 1219 2127 1267 2161; x_wconf 88' lang='lat' dir='ltr'><em>M</em></span> <span class='ocrx_word' id='word_1_268' title='bbox 1283 2128 1294 2171; x_wconf 91' lang='grc' dir='ltr'><strong>ΙΙ</strong></span> <span class='ocrx_word' id='word_1_269' title='bbox 1319 2127 1473 2171; x_wconf 71' lang='grc' dir='ltr'><strong><em>παῖδας]</em></strong></span> <span class='ocrx_word' id='word_1_270' title='bbox 1501 2126 1656 2170; x_wconf 85' lang='lat' dir='ltr'><strong>praedas</strong></span> <span class='ocrx_word' id='word_1_271' title='bbox 1685 2126 1715 2160; x_wconf 81' lang='lat' dir='ltr'><em>C</em></span> <span class='ocrx_word' id='word_1_272' title='bbox 1748 2138 1880 2160; x_wconf 60' lang='lat' dir='ltr'><strong>ummo</strong></span> <span class='ocrx_word' id='word_1_273' title='bbox 1907 2125 1941 2159; x_wconf 90' lang='lat' dir='ltr'><strong><em>L</em></strong></span> <span class='ocrx_word' id='word_1_274' title='bbox 1966 2127 2090 2169; x_wconf 62' lang='lat' dir='ltr'><strong>(mmo</strong></span> <span class='ocrx_word' id='word_1_275' title='bbox 2117 2126 2142 2168; x_wconf 85' lang='lat' dir='ltr'><strong>l)</strong></span> 
     </span>
     <span class='ocr_line' id='line_1_33' title="bbox 445 2170 2142 2219; baseline -0.001 -12"><span class='ocrx_word' id='word_1_276' title='bbox 445 2185 575 2208; x_wconf 63' lang='lat' dir='ltr'><strong>nataae</strong></span> <span class='ocrx_word' id='word_1_277' title='bbox 603 2174 645 2207; x_wconf 88' lang='lat' dir='ltr'><strong>H</strong></span> <span class='ocrx_word' id='word_1_278' title='bbox 660 2175 671 2218; x_wconf 82' lang='grc' dir='ltr'><strong>ΙΙ</strong></span> <span class='ocrx_word' id='word_1_279' title='bbox 697 2178 717 2207; x_wconf 90' lang='grc'>2</span> <span class='ocrx_word' id='word_1_280' title='bbox 745 2173 855 2208; x_wconf 81' lang='lat' dir='ltr'><strong>etiam</strong></span> <span class='ocrx_word' id='word_1_281' title='bbox 884 2184 949 2208; x_wconf 84' lang='lat' dir='ltr'><strong>om.</strong></span> <span class='ocrx_word' id='word_1_282' title='bbox 978 2174 1026 2207; x_wconf 84' lang='lat' dir='ltr'><em>M</em></span> <span class='ocrx_word' id='word_1_283' title='bbox 1031 2185 1048 2207; x_wconf 87' lang='lat' dir='ltr'><strong>c</strong></span> <span class='ocrx_word' id='word_1_284' title='bbox 1066 2175 1078 2217; x_wconf 80' lang='grc' dir='ltr'><strong>ΙΙ</strong></span> <span class='ocrx_word' id='word_1_285' title='bbox 1097 2173 1267 2219; x_wconf 86' lang='lat' dir='ltr'><strong>refertur]</strong></span> <span class='ocrx_word' id='word_1_286' title='bbox 1295 2170 1472 2208; x_wconf 80' lang='lat' dir='ltr'><strong>referetur</strong></span> <span class='ocrx_word' id='word_1_287' title='bbox 1497 2173 1537 2207; x_wconf 86' lang='lat' dir='ltr'><em>E</em></span> <span class='ocrx_word' id='word_1_288' title='bbox 1572 2175 1610 2207; x_wconf 89' lang='lat' dir='ltr'><strong>et</strong></span> <span class='ocrx_word' id='word_1_289' title='bbox 1634 2173 1681 2207; x_wconf 88' lang='lat' dir='ltr'><strong>ad</strong></span> <span class='ocrx_word' id='word_1_290' title='bbox 1707 2173 1867 2208; x_wconf 86' lang='lat' dir='ltr'><strong>hominis</strong></span> <span class='ocrx_word' id='word_1_291' title='bbox 1893 2172 2142 2207; x_wconf 83' lang='lat' dir='ltr'><strong>conditionem</strong></span> 
     </span>
     <span class='ocr_line' id='line_1_34' title="bbox 447 2219 2142 2264; baseline -0.001 -9"><span class='ocrx_word' id='word_1_292' title='bbox 447 2221 530 2256; x_wconf 77' lang='lat' dir='ltr'><strong>add.</strong></span> <span class='ocrx_word' id='word_1_293' title='bbox 552 2220 751 2255; x_wconf 71' lang='lat' dir='ltr'><strong>Fabricius</strong></span> <span class='ocrx_word' id='word_1_294' title='bbox 770 2222 781 2264; x_wconf 82' lang='grc' dir='ltr'><strong>ΙΙ</strong></span> <span class='ocrx_word' id='word_1_295' title='bbox 807 2224 827 2254; x_wconf 84' lang='grc'>4</span> <span class='ocrx_word' id='word_1_296' title='bbox 851 2222 887 2254; x_wconf 89' lang='lat' dir='ltr'><strong>et</strong></span> <span class='ocrx_word' id='word_1_297' title='bbox 912 2220 1033 2254; x_wconf 87' lang='lat' dir='ltr'><strong>adhuc</strong></span> <span class='ocrx_word' id='word_1_298' title='bbox 1059 2231 1170 2264; x_wconf 88' lang='lat' dir='ltr'><strong>opera</strong></span> <span class='ocrx_word' id='word_1_299' title='bbox 1196 2232 1262 2255; x_wconf 87' lang='lat' dir='ltr'><strong>sua</strong></span> <span class='ocrx_word' id='word_1_300' title='bbox 1287 2231 1360 2255; x_wconf 88' lang='lat' dir='ltr'><strong>non</strong></span> <span class='ocrx_word' id='word_1_301' title='bbox 1386 2220 1582 2254; x_wconf 85' lang='lat' dir='ltr'><strong>advertant</strong></span> <span class='ocrx_word' id='word_1_302' title='bbox 1609 2220 1823 2254; x_wconf 72' lang='lat' dir='ltr'><strong>Masvicz&#39;us.</strong></span> <span class='ocrx_word' id='word_1_303' title='bbox 1850 2220 1933 2262; x_wconf 81' lang='lat' dir='ltr'><strong>fort.</strong></span> <span class='ocrx_word' id='word_1_304' title='bbox 1961 2221 1998 2253; x_wconf 90' lang='lat' dir='ltr'><strong>et</strong></span> <span class='ocrx_word' id='word_1_305' title='bbox 2022 2219 2142 2253; x_wconf 86' lang='lat' dir='ltr'><strong>adhuc</strong></span> 
     </span>
     <span class='ocr_line' id='line_1_35' title="bbox 446 2265 2140 2312; baseline -0.001 -11"><span class='ocrx_word' id='word_1_306' title='bbox 446 2279 510 2302; x_wconf 85' lang='lat' dir='ltr'><strong>sua</strong></span> <span class='ocrx_word' id='word_1_307' title='bbox 537 2278 649 2311; x_wconf 87' lang='lat' dir='ltr'><strong>opera</strong></span> <span class='ocrx_word' id='word_1_308' title='bbox 675 2268 902 2301; x_wconf 77' lang='lat' dir='ltr'><strong>avertantur.</strong></span> <span class='ocrx_word' id='word_1_309' title='bbox 948 2268 991 2309; x_wconf 82' lang='lat' dir='ltr'><strong>cf.</strong></span> <span class='ocrx_word' id='word_1_310' title='bbox 1013 2267 1184 2301; x_wconf 75' lang='lat' dir='ltr'><strong>Donatus</strong></span> <span class='ocrx_word' id='word_1_311' title='bbox 1216 2268 1264 2302; x_wconf 77' lang='lat' dir='ltr'><strong>acl</strong></span> <span class='ocrx_word' id='word_1_312' title='bbox 1288 2268 1320 2301; x_wconf 80' lang='lat' dir='ltr'><strong>h.</strong></span> <span class='ocrx_word' id='word_1_313' title='bbox 1341 2278 1370 2301; x_wconf 81' lang='lat' dir='ltr'><strong>v.</strong></span> <span class='ocrx_word' id='word_1_314' title='bbox 1392 2268 1403 2312; x_wconf 77' lang='grc' dir='ltr'><strong>ΙΙ</strong></span> <span class='ocrx_word' id='word_1_315' title='bbox 1423 2270 1442 2301; x_wconf 83' lang='grc'><strong>5</strong></span> <span class='ocrx_word' id='word_1_316' title='bbox 1465 2268 1518 2301; x_wconf 74' lang='lat' dir='ltr'><strong>ud</strong></span> <span class='ocrx_word' id='word_1_317' title='bbox 1542 2278 1572 2301; x_wconf 64' lang='lat' dir='ltr'><strong>r.</strong></span> <span class='ocrx_word' id='word_1_318' title='bbox 1595 2271 1662 2301; x_wconf 93' lang='grc'><strong>600</strong></span> <span class='ocrx_word' id='word_1_319' title='bbox 1682 2271 1714 2302; x_wconf 84' lang='lat' dir='ltr'><strong>et</strong></span> <span class='ocrx_word' id='word_1_320' title='bbox 1734 2270 1799 2301; x_wconf 91' lang='grc'><strong>601</strong></span> <span class='ocrx_word' id='word_1_321' title='bbox 1828 2265 2003 2300; x_wconf 84' lang='lat' dir='ltr'><strong>Hauserit</strong></span> <span class='ocrx_word' id='word_1_322' title='bbox 2028 2266 2140 2311; x_wconf 89' lang='lat' dir='ltr'><strong>ensis]</strong></span> 
     </span>
     <span class='ocr_line' id='line_1_36' title="bbox 446 2313 2140 2359; baseline -0.001 -11"><span class='ocrx_word' id='word_1_323' title='bbox 446 2316 511 2349; x_wconf 90' lang='lat' dir='ltr'><strong>aut</strong></span> <span class='ocrx_word' id='word_1_324' title='bbox 535 2315 717 2358; x_wconf 83' lang='lat' dir='ltr'><strong>percussit</strong></span> <span class='ocrx_word' id='word_1_325' title='bbox 745 2342 751 2348; x_wconf 89' lang='lat'><strong>.</strong></span> <span class='ocrx_word' id='word_1_326' title='bbox 781 2342 787 2348; x_wconf 94' lang='lat'>.</span> <span class='ocrx_word' id='word_1_327' title='bbox 815 2342 822 2348; x_wconf 89' lang='lat'><strong>.</strong></span> <span class='ocrx_word' id='word_1_328' title='bbox 849 2316 914 2348; x_wconf 88' lang='lat' dir='ltr'><strong>aut</strong></span> <span class='ocrx_word' id='word_1_329' title='bbox 938 2314 1136 2349; x_wconf 87' lang='lat' dir='ltr'><strong>uorauerit.</strong></span> <span class='ocrx_word' id='word_1_330' title='bbox 1182 2314 1418 2359; x_wconf 82' lang='lat' dir='ltr'><strong>Tyndaridis]</strong></span> <span class='ocrx_word' id='word_1_331' title='bbox 1446 2314 1550 2358; x_wconf 87' lang='lat' dir='ltr'><strong>atqui</strong></span> <span class='ocrx_word' id='word_1_332' title='bbox 1577 2315 1655 2358; x_wconf 89' lang='lat' dir='ltr'><strong>(aut</strong></span> <span class='ocrx_word' id='word_1_333' title='bbox 1680 2314 1758 2357; x_wconf 86' lang='lat' dir='ltr'><strong>qui)</strong></span> <span class='ocrx_word' id='word_1_334' title='bbox 1785 2340 1792 2347; x_wconf 97' lang='lat'>.</span> <span class='ocrx_word' id='word_1_335' title='bbox 1821 2340 1828 2347; x_wconf 93' lang='lat'>.</span> <span class='ocrx_word' id='word_1_336' title='bbox 1856 2342 1862 2348; x_wconf 91' lang='lat'><em>.</em></span> <span class='ocrx_word' id='word_1_337' title='bbox 1889 2313 2047 2357; x_wconf 86' lang='lat' dir='ltr'><strong>partitus</strong></span> <span class='ocrx_word' id='word_1_338' title='bbox 2074 2314 2140 2347; x_wconf 79' lang='lat' dir='ltr'><strong>est.</strong></span> 
     </span>
     <span class='ocr_line' id='line_1_37' title="bbox 446 2359 2139 2405; baseline -0.001 -10"><span class='ocrx_word' id='word_1_339' title='bbox 446 2362 529 2395; x_wconf 90' lang='lat' dir='ltr'><strong>ideo</strong></span> <span class='ocrx_word' id='word_1_340' title='bbox 549 2361 729 2395; x_wconf 87' lang='lat' dir='ltr'><strong>Helenam</strong></span> <span class='ocrx_word' id='word_1_341' title='bbox 750 2361 945 2405; x_wconf 85' lang='lat' dir='ltr'><strong>(aelenam)</strong></span> <span class='ocrx_word' id='word_1_342' title='bbox 968 2372 1129 2395; x_wconf 86' lang='lat' dir='ltr'><strong>sororem</strong></span> <span class='ocrx_word' id='word_1_343' title='bbox 1150 2373 1276 2396; x_wconf 87' lang='lat' dir='ltr'><strong>eorum</strong></span> <span class='ocrx_word' id='word_1_344' title='bbox 1297 2363 1443 2395; x_wconf 85' lang='lat' dir='ltr'><strong>constat</strong></span> <span class='ocrx_word' id='word_1_345' title='bbox 1462 2372 1538 2396; x_wconf 89' lang='lat' dir='ltr'><strong>esse</strong></span> <span class='ocrx_word' id='word_1_346' title='bbox 1558 2360 1804 2395; x_wconf 87' lang='lat' dir='ltr'><strong>inmortalem.</strong></span> <span class='ocrx_word' id='word_1_347' title='bbox 1845 2359 1982 2405; x_wconf 82' lang='lat' dir='ltr'><strong>Inuisa]</strong></span> <span class='ocrx_word' id='word_1_348' title='bbox 2004 2359 2139 2394; x_wconf 88' lang='lat' dir='ltr'><strong>odiosa.</strong></span> 
     </span>
     <span class='ocr_line' id='line_1_38' title="bbox 444 2406 2141 2453; baseline -0.001 -11"><span class='ocrx_word' id='word_1_349' title='bbox 444 2408 652 2453; x_wconf 85' lang='lat' dir='ltr'><strong>Lacaenae]</strong></span> <span class='ocrx_word' id='word_1_350' title='bbox 680 2419 701 2442; x_wconf 91' lang='lat' dir='ltr'><strong>a</strong></span> <span class='ocrx_word' id='word_1_351' title='bbox 726 2408 918 2452; x_wconf 86' lang='lat' dir='ltr'><strong>prouincia</strong></span> <span class='ocrx_word' id='word_1_352' title='bbox 943 2408 1128 2442; x_wconf 87' lang='lat' dir='ltr'><strong>Laconica</strong></span> <span class='ocrx_word' id='word_1_353' title='bbox 1155 2436 1161 2441; x_wconf 96' lang='lat'>.</span> <span class='ocrx_word' id='word_1_354' title='bbox 1184 2437 1190 2443; x_wconf 85' lang='lat'><strong><em>.</em></strong></span> <span class='ocrx_word' id='word_1_355' title='bbox 1213 2436 1220 2444; x_wconf 89' lang='lat'><strong>.</strong></span> <span class='ocrx_word' id='word_1_356' title='bbox 1249 2408 1347 2451; x_wconf 86' lang='lat' dir='ltr'><strong>quod</strong></span> <span class='ocrx_word' id='word_1_357' title='bbox 1372 2419 1495 2442; x_wconf 84' lang='lat' dir='ltr'><strong>rarum</strong></span> <span class='ocrx_word' id='word_1_358' title='bbox 1521 2409 1587 2442; x_wconf 87' lang='lat' dir='ltr'><strong>est.</strong></span> <span class='ocrx_word' id='word_1_359' title='bbox 1618 2407 1654 2440; x_wconf 81' lang='lat' dir='ltr'><em>P</em></span> <span class='ocrx_word' id='word_1_360' title='bbox 1676 2409 1688 2451; x_wconf 70' lang='lat' dir='ltr'>u</span> <span class='ocrx_word' id='word_1_361' title='bbox 1721 2412 1739 2442; x_wconf 84' lang='lat'><strong>7</strong></span> <span class='ocrx_word' id='word_1_362' title='bbox 1766 2419 1972 2441; x_wconf 71' lang='lat' dir='ltr'><strong>TmnAumEs</strong></span> <span class='ocrx_word' id='word_1_363' title='bbox 2001 2406 2030 2439; x_wconf 81' lang='lat' dir='ltr'><em>O</em></span> <span class='ocrx_word' id='word_1_364' title='bbox 2051 2408 2062 2450; x_wconf 82' lang='grc' dir='ltr'><strong>ΙΙ</strong></span> <span class='ocrx_word' id='word_1_365' title='bbox 2087 2407 2141 2441; x_wconf 89' lang='lat' dir='ltr'><strong>at-</strong></span> 
     </span>
     <span class='ocr_line' id='line_1_39' title="bbox 447 2452 2141 2499; baseline -0.001 -10"><span class='ocrx_word' id='word_1_366' title='bbox 447 2455 508 2498; x_wconf 82' lang='lat' dir='ltr'><strong>qui</strong></span> <span class='ocrx_word' id='word_1_367' title='bbox 534 2467 576 2489; x_wconf 65' lang='lat' dir='ltr'><strong>ca:</strong></span> <span class='ocrx_word' id='word_1_368' title='bbox 602 2454 731 2498; x_wconf 84' lang='lat' dir='ltr'><strong>autqui</strong></span> <span class='ocrx_word' id='word_1_369' title='bbox 759 2455 787 2489; x_wconf 79' lang='lat' dir='ltr'><em>C</em></span> <span class='ocrx_word' id='word_1_370' title='bbox 803 2456 815 2499; x_wconf 76' lang='lat' dir='ltr'><strong>ll</strong></span> <span class='ocrx_word' id='word_1_371' title='bbox 835 2459 854 2489; x_wconf 83' lang='lat'>9</span> <span class='ocrx_word' id='word_1_372' title='bbox 880 2466 967 2489; x_wconf 87' lang='lat' dir='ltr'><strong>nam</strong></span> <span class='ocrx_word' id='word_1_373' title='bbox 993 2466 1057 2488; x_wconf 81' lang='lat' dir='ltr'><strong>om.</strong></span> <span class='ocrx_word' id='word_1_374' title='bbox 1082 2454 1112 2489; x_wconf 81' lang='lat' dir='ltr'><strong><em>G</em></strong></span> <span class='ocrx_word' id='word_1_375' title='bbox 1127 2456 1144 2498; x_wconf 67' lang='lat' dir='ltr'><strong>{f</strong></span> <span class='ocrx_word' id='word_1_376' title='bbox 1159 2459 1201 2488; x_wconf 88' lang='lat'><strong>10</strong></span> <span class='ocrx_word' id='word_1_377' title='bbox 1229 2455 1374 2499; x_wconf 78' lang='lat' dir='ltr'><strong>Castor]</strong></span> <span class='ocrx_word' id='word_1_378' title='bbox 1401 2454 1670 2498; x_wconf 85' lang='lat' dir='ltr'><strong>Clytemnestra</strong></span> <span class='ocrx_word' id='word_1_379' title='bbox 1695 2455 1733 2488; x_wconf 88' lang='lat' dir='ltr'><strong>et</strong></span> <span class='ocrx_word' id='word_1_380' title='bbox 1758 2454 1889 2488; x_wconf 83' lang='lat' dir='ltr'><strong>Castor</strong></span> <span class='ocrx_word' id='word_1_381' title='bbox 1908 2453 2106 2487; x_wconf 77' lang='lat' dir='ltr'><strong>Fabricius</strong></span> <span class='ocrx_word' id='word_1_382' title='bbox 2130 2452 2141 2498; x_wconf 76' lang='grc' dir='ltr'><strong>ΙΙ</strong></span> 
     </span>
     <span class='ocr_line' id='line_1_40' title="bbox 449 2499 2140 2546; baseline -0.001 -11"><span class='ocrx_word' id='word_1_383' title='bbox 449 2507 489 2536; x_wconf 88' lang='grc'><strong>11</strong></span> <span class='ocrx_word' id='word_1_384' title='bbox 517 2501 784 2536; x_wconf 86' lang='lat' dir='ltr'><strong>inmortalitate</strong></span> <span class='ocrx_word' id='word_1_385' title='bbox 818 2513 884 2536; x_wconf 86' lang='lat' dir='ltr'><strong>sua</strong></span> <span class='ocrx_word' id='word_1_386' title='bbox 911 2502 946 2535; x_wconf 88' lang='lat' dir='ltr'><em>P</em></span> <span class='ocrx_word' id='word_1_387' title='bbox 969 2503 981 2545; x_wconf 71' lang='lat' dir='ltr'><strong>l]</strong></span> <span class='ocrx_word' id='word_1_388' title='bbox 1017 2506 1057 2535; x_wconf 87' lang='grc'><strong>12</strong></span> <span class='ocrx_word' id='word_1_389' title='bbox 1086 2501 1245 2545; x_wconf 88' lang='lat' dir='ltr'><strong>partitus</strong></span> <span class='ocrx_word' id='word_1_390' title='bbox 1272 2501 1342 2546; x_wconf 86' lang='lat' dir='ltr'><strong>est]</strong></span> <span class='ocrx_word' id='word_1_391' title='bbox 1375 2502 1535 2536; x_wconf 85' lang='lat' dir='ltr'><strong>traditur</strong></span> <span class='ocrx_word' id='word_1_392' title='bbox 1561 2512 1718 2544; x_wconf 88' lang='lat' dir='ltr'><strong>namque</strong></span> <span class='ocrx_word' id='word_1_393' title='bbox 1745 2500 1844 2544; x_wconf 86' lang='lat' dir='ltr'><strong>quod.</strong></span> <span class='ocrx_word' id='word_1_394' title='bbox 1869 2499 2081 2545; x_wconf 85' lang='lat' dir='ltr'><strong>permiserit·</strong></span> <span class='ocrx_word' id='word_1_395' title='bbox 2103 2510 2140 2533; x_wconf 86' lang='lat' dir='ltr'><strong>se</strong></span> 
     </span>
     <span class='ocr_line' id='line_1_41' title="bbox 446 2546 2141 2593; baseline -0.001 -11"><span class='ocrx_word' id='word_1_396' title='bbox 446 2549 573 2593; x_wconf 79' lang='lat' dir='ltr'><strong>pollux</strong></span> <span class='ocrx_word' id='word_1_397' title='bbox 600 2548 716 2583; x_wconf 89' lang='lat' dir='ltr'><strong>occidi</strong></span> <span class='ocrx_word' id='word_1_398' title='bbox 745 2560 816 2591; x_wconf 87' lang='lat' dir='ltr'><strong>qua</strong></span> <span class='ocrx_word' id='word_1_399' title='bbox 846 2550 952 2592; x_wconf 86' lang='lat' dir='ltr'><strong>parte</strong></span> <span class='ocrx_word' id='word_1_400' title='bbox 978 2548 1146 2582; x_wconf 87' lang='lat' dir='ltr'><strong>mortalis</strong></span> <span class='ocrx_word' id='word_1_401' title='bbox 1172 2550 1251 2582; x_wconf 88' lang='lat' dir='ltr'><strong>erat</strong></span> <span class='ocrx_word' id='word_1_402' title='bbox 1277 2548 1412 2592; x_wconf 79' lang='lat' dir='ltr'><strong>(fuerat</strong></span> <span class='ocrx_word' id='word_1_403' title='bbox 1435 2548 1485 2591; x_wconf 91' lang='lat' dir='ltr'><strong>L)</strong></span> <span class='ocrx_word' id='word_1_404' title='bbox 1511 2548 1552 2581; x_wconf 89' lang='lat' dir='ltr'><strong>ut</strong></span> <span class='ocrx_word' id='word_1_405' title='bbox 1583 2550 1704 2582; x_wconf 84' lang='lat' dir='ltr'><strong>castor</strong></span> <span class='ocrx_word' id='word_1_406' title='bbox 1734 2546 2041 2581; x_wconf 87' lang='lat' dir='ltr'><strong>inmortalitatem</strong></span> <span class='ocrx_word' id='word_1_407' title='bbox 2066 2556 2141 2580; x_wconf 89' lang='lat' dir='ltr'><strong>me-</strong></span> 
     </span>
     <span class='ocr_line' id='line_1_42' title="bbox 446 2592 2142 2638; baseline -0.002 -9"><span class='ocrx_word' id='word_1_408' title='bbox 446 2597 588 2630; x_wconf 86' lang='lat' dir='ltr'><strong>reretur</strong></span> <span class='ocrx_word' id='word_1_409' title='bbox 619 2595 742 2638; x_wconf 87' lang='lat' dir='ltr'><strong>sicque</strong></span> <span class='ocrx_word' id='word_1_410' title='bbox 773 2595 931 2628; x_wconf 82' lang='lat' dir='ltr'><strong>redemit</strong></span> <span class='ocrx_word' id='word_1_411' title='bbox 956 2595 1038 2629; x_wconf 68' lang='lat' dir='ltr'><strong>adel.</strong></span> <span class='ocrx_word' id='word_1_412' title='bbox 1065 2595 1158 2628; x_wconf 82' lang='lat' dir='ltr'><strong>LM</strong></span> <span class='ocrx_word' id='word_1_413' title='bbox 1165 2595 1203 2628; x_wconf 89' lang='lat' dir='ltr'><em>E</em></span> <span class='ocrx_word' id='word_1_414' title='bbox 1239 2594 1364 2629; x_wconf 84' lang='lat' dir='ltr'><strong>omnia</strong></span> <span class='ocrx_word' id='word_1_415' title='bbox 1394 2594 1547 2628; x_wconf 89' lang='lat' dir='ltr'><strong>nomina</strong></span> <span class='ocrx_word' id='word_1_416' title='bbox 1577 2594 1638 2628; x_wconf 89' lang='lat' dir='ltr'><strong>uel</strong></span> <span class='ocrx_word' id='word_1_417' title='bbox 1668 2594 1868 2638; x_wconf 84' lang='lat' dir='ltr'><strong>participia</strong></span> <span class='ocrx_word' id='word_1_418' title='bbox 1892 2594 1930 2627; x_wconf 89' lang='lat' dir='ltr'><strong>in</strong></span> <span class='ocrx_word' id='word_1_419' title='bbox 1958 2605 2020 2629; x_wconf 79' lang='lat' dir='ltr'><strong>.nS.</strong></span> <span class='ocrx_word' id='word_1_420' title='bbox 2047 2592 2142 2627; x_wconf 87' lang='lat' dir='ltr'><strong>desi—</strong></span> 
     </span>
     <span class='ocr_line' id='line_1_43' title="bbox 447 2639 2141 2686; baseline -0.002 -10"><span class='ocrx_word' id='word_1_421' title='bbox 447 2643 573 2676; x_wconf 85' lang='lat' dir='ltr'><strong>nentia</strong></span> <span class='ocrx_word' id='word_1_422' title='bbox 604 2642 754 2677; x_wconf 88' lang='lat' dir='ltr'><strong>nomina</strong></span> <span class='ocrx_word' id='word_1_423' title='bbox 789 2641 994 2675; x_wconf 83' lang='lat' dir='ltr'><strong>ablatiuum</strong></span> <span class='ocrx_word' id='word_1_424' title='bbox 1026 2642 1065 2674; x_wconf 88' lang='lat' dir='ltr'><strong>in</strong></span> <span class='ocrx_word' id='word_1_425' title='bbox 1092 2652 1132 2675; x_wconf 88' lang='lat' dir='ltr'><strong>.e.</strong></span> <span class='ocrx_word' id='word_1_426' title='bbox 1159 2640 1359 2686; x_wconf 88' lang='lat' dir='ltr'><strong>participia</strong></span> <span class='ocrx_word' id='word_1_427' title='bbox 1383 2641 1421 2674; x_wconf 89' lang='lat' dir='ltr'><strong>in</strong></span> <span class='ocrx_word' id='word_1_428' title='bbox 1448 2641 1480 2676; x_wconf 84' lang='lat' dir='ltr'><strong>.i.</strong></span> <span class='ocrx_word' id='word_1_429' title='bbox 1508 2642 1546 2676; x_wconf 85' lang='lat' dir='ltr'><strong>et</strong></span> <span class='ocrx_word' id='word_1_430' title='bbox 1569 2640 1608 2675; x_wconf 89' lang='lat' dir='ltr'><strong>in</strong></span> <span class='ocrx_word' id='word_1_431' title='bbox 1633 2653 1674 2676; x_wconf 91' lang='lat' dir='ltr'><strong>.e.</strong></span> <span class='ocrx_word' id='word_1_432' title='bbox 1700 2640 1862 2675; x_wconf 87' lang='lat' dir='ltr'><strong>mittunt.</strong></span> <span class='ocrx_word' id='word_1_433' title='bbox 1912 2640 2001 2675; x_wconf 88' lang='lat' dir='ltr'><strong>licet</strong></span> <span class='ocrx_word' id='word_1_434' title='bbox 2027 2639 2141 2674; x_wconf 88' lang='lat' dir='ltr'><strong>etiam</strong></span> 
     </span>
     <span class='ocr_line' id='line_1_44' title="bbox 448 2686 2140 2732; baseline -0.002 -9"><span class='ocrx_word' id='word_1_435' title='bbox 448 2689 576 2723; x_wconf 76' lang='lat' dir='ltr'><strong>eadem</strong></span> <span class='ocrx_word' id='word_1_436' title='bbox 604 2691 640 2723; x_wconf 86' lang='lat' dir='ltr'><strong>et</strong></span> <span class='ocrx_word' id='word_1_437' title='bbox 664 2688 814 2723; x_wconf 86' lang='lat' dir='ltr'><strong>nomina</strong></span> <span class='ocrx_word' id='word_1_438' title='bbox 839 2690 877 2722; x_wconf 84' lang='lat' dir='ltr'><strong>et</strong></span> <span class='ocrx_word' id='word_1_439' title='bbox 902 2687 1101 2732; x_wconf 85' lang='lat' dir='ltr'><strong>participia</strong></span> <span class='ocrx_word' id='word_1_440' title='bbox 1127 2688 1201 2722; x_wconf 88' lang='lat' dir='ltr'><strong>sint</strong></span> <span class='ocrx_word' id='word_1_441' title='bbox 1226 2687 1416 2722; x_wconf 87' lang='lat' dir='ltr'><strong>nominum</strong></span> <span class='ocrx_word' id='word_1_442' title='bbox 1442 2689 1566 2722; x_wconf 88' lang='lat' dir='ltr'><strong>autem</strong></span> <span class='ocrx_word' id='word_1_443' title='bbox 1592 2698 1688 2732; x_wconf 89' lang='lat' dir='ltr'><strong>quae</strong></span> <span class='ocrx_word' id='word_1_444' title='bbox 1713 2689 1750 2722; x_wconf 87' lang='lat' dir='ltr'><strong>et</strong></span> <span class='ocrx_word' id='word_1_445' title='bbox 1777 2687 1928 2732; x_wconf 86' lang='lat' dir='ltr'><strong>propria</strong></span> <span class='ocrx_word' id='word_1_446' title='bbox 1953 2688 1991 2722; x_wconf 91' lang='lat' dir='ltr'><strong>et</strong></span> <span class='ocrx_word' id='word_1_447' title='bbox 2015 2686 2140 2731; x_wconf 87' lang='lat' dir='ltr'><strong>appel-</strong></span> 
     </span>
     <span class='ocr_line' id='line_1_45' title="bbox 447 2733 2141 2779; baseline -0.002 -9"><span class='ocrx_word' id='word_1_448' title='bbox 447 2736 566 2770; x_wconf 79' lang='lat' dir='ltr'><strong>latina</strong></span> <span class='ocrx_word' id='word_1_449' title='bbox 592 2746 669 2769; x_wconf 88' lang='lat' dir='ltr'><strong>esse</strong></span> <span class='ocrx_word' id='word_1_450' title='bbox 702 2736 856 2779; x_wconf 87' lang='lat' dir='ltr'><strong>possunt</strong></span> <span class='ocrx_word' id='word_1_451' title='bbox 887 2734 1073 2769; x_wconf 86' lang='lat' dir='ltr'><strong>ablatiuus</strong></span> <span class='ocrx_word' id='word_1_452' title='bbox 1099 2745 1121 2768; x_wconf 88' lang='lat' dir='ltr'><strong>a</strong></span> <span class='ocrx_word' id='word_1_453' title='bbox 1145 2734 1294 2779; x_wconf 85' lang='lat' dir='ltr'><strong>proprio</strong></span> <span class='ocrx_word' id='word_1_454' title='bbox 1326 2734 1364 2768; x_wconf 89' lang='lat' dir='ltr'><strong>in</strong></span> <span class='ocrx_word' id='word_1_455' title='bbox 1390 2745 1431 2770; x_wconf 89' lang='lat' dir='ltr'><strong>.e.</strong></span> <span class='ocrx_word' id='word_1_456' title='bbox 1459 2734 1543 2769; x_wconf 82' lang='lat' dir='ltr'><strong>exit.</strong></span> <span class='ocrx_word' id='word_1_457' title='bbox 1595 2735 1641 2769; x_wconf 88' lang='lat' dir='ltr'><strong>ab</strong></span> <span class='ocrx_word' id='word_1_458' title='bbox 1674 2735 1839 2769; x_wconf 87' lang='lat' dir='ltr'><strong>ablatiuo</strong></span> <span class='ocrx_word' id='word_1_459' title='bbox 1871 2734 1907 2767; x_wconf 93' lang='lat' dir='ltr'><strong>in</strong></span> <span class='ocrx_word' id='word_1_460' title='bbox 1935 2733 1967 2770; x_wconf 87' lang='lat' dir='ltr'><strong>.i.</strong></span> <span class='ocrx_word' id='word_1_461' title='bbox 1997 2736 2141 2777; x_wconf 73' lang='lat' dir='ltr'><strong>praeter</strong></span> 
     </span>
     <span class='ocr_line' id='line_1_46' title="bbox 447 2780 2141 2825; baseline -0.002 -8"><span class='ocrx_word' id='word_1_462' title='bbox 447 2784 513 2817; x_wconf 71' lang='lat' dir='ltr'><strong>illa</strong></span> <span class='ocrx_word' id='word_1_463' title='bbox 545 2783 629 2817; x_wconf 78' lang='lat' dir='ltr'><strong>add.</strong></span> <span class='ocrx_word' id='word_1_464' title='bbox 658 2783 713 2816; x_wconf 81' lang='lat' dir='ltr'><strong>M.</strong></span> <span class='ocrx_word' id='word_1_465' title='bbox 753 2783 798 2824; x_wconf 80' lang='lat' dir='ltr'><strong>cf.</strong></span> <span class='ocrx_word' id='word_1_466' title='bbox 826 2782 874 2816; x_wconf 79' lang='lat' dir='ltr'><strong>ad</strong></span> <span class='ocrx_word' id='word_1_467' title='bbox 898 2793 928 2816; x_wconf 74' lang='lat' dir='ltr'><strong>v.</strong></span> <span class='ocrx_word' id='word_1_468' title='bbox 958 2785 1025 2816; x_wconf 88' lang='grc'><strong>610</strong></span> <span class='ocrx_word' id='word_1_469' title='bbox 1057 2782 1068 2825; x_wconf 79' lang='grc' dir='ltr'>Η</span> <span class='ocrx_word' id='word_1_470' title='bbox 1104 2781 1216 2815; x_wconf 86' lang='lat' dir='ltr'><strong>fuisse</strong></span> <span class='ocrx_word' id='word_1_471' title='bbox 1244 2808 1250 2814; x_wconf 94' lang='lat'>.</span> <span class='ocrx_word' id='word_1_472' title='bbox 1280 2810 1286 2816; x_wconf 91' lang='lat'>.</span> <span class='ocrx_word' id='word_1_473' title='bbox 1315 2810 1321 2815; x_wconf 92' lang='lat'><strong><em>.</em></strong></span> <span class='ocrx_word' id='word_1_474' title='bbox 1356 2781 1541 2816; x_wconf 87' lang='lat' dir='ltr'><strong>Thebanis</strong></span> <span class='ocrx_word' id='word_1_475' title='bbox 1575 2792 1639 2816; x_wconf 83' lang='lat' dir='ltr'><strong>om.</strong></span> <span class='ocrx_word' id='word_1_476' title='bbox 1669 2781 1712 2823; x_wconf 83' lang='lat' dir='ltr'><strong>G,</strong></span> <span class='ocrx_word' id='word_1_477' title='bbox 1746 2782 1787 2816; x_wconf 76' lang='lat' dir='ltr'><strong>in</strong></span> <span class='ocrx_word' id='word_1_478' title='bbox 1818 2780 1999 2815; x_wconf 75' lang='lat' dir='ltr'><strong>Fuldensi</strong></span> <span class='ocrx_word' id='word_1_479' title='bbox 2028 2780 2141 2821; x_wconf 79' lang='lat' dir='ltr'><strong>fuisse</strong></span> 
     </span>
     <span class='ocr_line' id='line_1_47' title="bbox 448 2825 2140 2873; baseline -0.003 -9"><span class='ocrx_word' id='word_1_480' title='bbox 448 2833 598 2864; x_wconf 80' lang='lat' dir='ltr'><strong>testatur</strong></span> <span class='ocrx_word' id='word_1_481' title='bbox 625 2830 835 2873; x_wconf 73' lang='lat' dir='ltr'><strong>Scioppius,</strong></span> <span class='ocrx_word' id='word_1_482' title='bbox 869 2830 931 2872; x_wconf 77' lang='lat' dir='ltr'><strong>qui</strong></span> <span class='ocrx_word' id='word_1_483' title='bbox 956 2828 1133 2862; x_wconf 88' lang='lat' dir='ltr'><strong>Thebano</strong></span> <span class='ocrx_word' id='word_1_484' title='bbox 1159 2828 1320 2863; x_wconf 85' lang='lat' dir='ltr'><strong>Eteoclis</strong></span> <span class='ocrx_word' id='word_1_485' title='bbox 1348 2829 1385 2862; x_wconf 88' lang='lat' dir='ltr'><strong>et</strong></span> <span class='ocrx_word' id='word_1_486' title='bbox 1409 2827 1597 2873; x_wconf 82' lang='lat' dir='ltr'><strong>Polynicis</strong></span> <span class='ocrx_word' id='word_1_487' title='bbox 1623 2828 1722 2863; x_wconf 89' lang='lat' dir='ltr'><strong>bello</strong></span> <span class='ocrx_word' id='word_1_488' title='bbox 1750 2838 1818 2871; x_wconf 70' lang='lat' dir='ltr'><strong>pro</strong></span> <span class='ocrx_word' id='word_1_489' title='bbox 1845 2838 1926 2862; x_wconf 88' lang='lat' dir='ltr'><strong>cum</strong></span> <span class='ocrx_word' id='word_1_490' title='bbox 1953 2825 2140 2860; x_wconf 87' lang='lat' dir='ltr'><strong>Thebanis</strong></span> 
     </span>
     <span class='ocr_line' id='line_1_48' title="bbox 448 2872 2140 2919; baseline -0.003 -9"><span class='ocrx_word' id='word_1_491' title='bbox 448 2877 545 2911; x_wconf 84' lang='lat' dir='ltr'><strong>bello</strong></span> <span class='ocrx_word' id='word_1_492' title='bbox 573 2877 739 2911; x_wconf 69' lang='lat' dir='ltr'><strong>enotavit.</strong></span> <span class='ocrx_word' id='word_1_493' title='bbox 759 2876 771 2919; x_wconf 83' lang='grc' dir='ltr'><strong>ΙΙ</strong></span> <span class='ocrx_word' id='word_1_494' title='bbox 793 2880 833 2909; x_wconf 88' lang='grc'><strong>16</strong></span> <span class='ocrx_word' id='word_1_495' title='bbox 859 2875 972 2909; x_wconf 78' lang='lat' dir='ltr'><strong>fuisse</strong></span> <span class='ocrx_word' id='word_1_496' title='bbox 999 2874 1042 2908; x_wconf 88' lang='lat' dir='ltr'><strong>H</strong></span> <span class='ocrx_word' id='word_1_497' title='bbox 1056 2876 1068 2919; x_wconf 82' lang='grc' dir='ltr'><strong>ΙΙ</strong></span> <span class='ocrx_word' id='word_1_498' title='bbox 1087 2875 1269 2918; x_wconf 85' lang='lat' dir='ltr'><strong>potuisset</strong></span> <span class='ocrx_word' id='word_1_499' title='bbox 1294 2876 1545 2919; x_wconf 44' lang='lat' dir='ltr'><strong>&#39;mytleoyraphi</strong></span> <span class='ocrx_word' id='word_1_500' title='bbox 1563 2876 1574 2919; x_wconf 93' lang='grc' dir='ltr'><strong>ΙΙ</strong></span> <span class='ocrx_word' id='word_1_501' title='bbox 1594 2876 1690 2909; x_wconf 85' lang='lat' dir='ltr'><strong>hunc</strong></span> <span class='ocrx_word' id='word_1_502' title='bbox 1711 2874 1741 2908; x_wconf 80' lang='lat' dir='ltr'><em>G</em></span> <span class='ocrx_word' id='word_1_503' title='bbox 1755 2876 1767 2918; x_wconf 85' lang='grc' dir='ltr'><strong>ΙΙ</strong></span> <span class='ocrx_word' id='word_1_504' title='bbox 1788 2878 1829 2908; x_wconf 81' lang='lat'><strong>17</strong></span> <span class='ocrx_word' id='word_1_505' title='bbox 1857 2872 1973 2918; x_wconf 86' lang='lat' dir='ltr'><strong>prius]</strong></span> <span class='ocrx_word' id='word_1_506' title='bbox 2000 2872 2140 2917; x_wconf 89' lang='lat' dir='ltr'><strong>primus</strong></span> 
     </span>
     <span class='ocr_line' id='line_1_49' title="bbox 451 2919 2139 2967; baseline -0.002 -11"><span class='ocrx_word' id='word_1_507' title='bbox 451 2924 497 2956; x_wconf 79' lang='lat' dir='ltr'><em>M</em></span> <span class='ocrx_word' id='word_1_508' title='bbox 534 2923 651 2967; x_wconf 80' lang='lat' dir='ltr'><strong>primo</strong></span> <span class='ocrx_word' id='word_1_509' title='bbox 678 2934 737 2957; x_wconf 81' lang='lat' dir='ltr'><strong>mc</strong></span> <span class='ocrx_word' id='word_1_510' title='bbox 762 2926 793 2957; x_wconf 85' lang='lat' dir='ltr'><strong>ct</strong></span> <span class='ocrx_word' id='word_1_511' title='bbox 819 2922 1013 2966; x_wconf 68' lang='lat' dir='ltr'><strong>Scioppius</strong></span> <span class='ocrx_word' id='word_1_512' title='bbox 1038 2932 1055 2955; x_wconf 88' lang='lat' dir='ltr'><strong>e</strong></span> <span class='ocrx_word' id='word_1_513' title='bbox 1079 2921 1260 2956; x_wconf 73' lang='lat' dir='ltr'><strong>Fuldeust</strong></span> <span class='ocrx_word' id='word_1_514' title='bbox 1279 2923 1290 2965; x_wconf 84' lang='grc' dir='ltr'><strong>ΙΙ</strong></span> <span class='ocrx_word' id='word_1_515' title='bbox 1315 2924 1460 2965; x_wconf 83' lang='lat' dir='ltr'><strong>ruptam</strong></span> <span class='ocrx_word' id='word_1_516' title='bbox 1489 2922 1519 2956; x_wconf 79' lang='grc' dir='ltr'><em>Ο</em></span> <span class='ocrx_word' id='word_1_517' title='bbox 1535 2923 1546 2966; x_wconf 79' lang='grc' dir='ltr'><strong>ΙΙ</strong></span> <span class='ocrx_word' id='word_1_518' title='bbox 1572 2921 1867 2956; x_wconf 86' lang='lat' dir='ltr'><strong>commendatum</strong></span> <span class='ocrx_word' id='word_1_519' title='bbox 1895 2919 1926 2954; x_wconf 80' lang='lat' dir='ltr'><em>O</em></span> <span class='ocrx_word' id='word_1_520' title='bbox 1946 2920 1958 2963; x_wconf 77' lang='grc' dir='ltr'><strong>ΙΙ</strong></span> <span class='ocrx_word' id='word_1_521' title='bbox 1982 2919 2139 2963; x_wconf 87' lang='lat' dir='ltr'><strong>protheo</strong></span> 
     </span>
     <span class='ocr_line' id='line_1_50' title="bbox 448 2965 2138 3014; baseline -0.003 -11"><span class='ocrx_word' id='word_1_522' title='bbox 448 2970 528 3003; x_wconf 83' lang='lat' dir='ltr'><strong>LII</strong></span> <span class='ocrx_word' id='word_1_523' title='bbox 540 2971 585 3003; x_wconf 83' lang='lat' dir='ltr'><strong><em>M</em></strong></span> <span class='ocrx_word' id='word_1_524' title='bbox 615 2971 626 3014; x_wconf 86' lang='grc' dir='ltr'><strong>ΙΙ</strong></span> <span class='ocrx_word' id='word_1_525' title='bbox 660 2974 702 3004; x_wconf 85' lang='grc'><strong>18</strong></span> <span class='ocrx_word' id='word_1_526' title='bbox 727 2969 816 3003; x_wconf 89' lang='lat' dir='ltr'><strong>licet</strong></span> <span class='ocrx_word' id='word_1_527' title='bbox 840 2980 914 3003; x_wconf 53' lang='lat' dir='ltr'><strong>‘non</strong></span> <span class='ocrx_word' id='word_1_528' title='bbox 939 2969 1095 3002; x_wconf 65' lang='lat' dir='ltr'><strong>enotavit</strong></span> <span class='ocrx_word' id='word_1_529' title='bbox 1122 2967 1326 3012; x_wconf 67' lang='lat' dir='ltr'><strong>Scioppius.</strong></span> <span class='ocrx_word' id='word_1_530' title='bbox 1357 2969 1368 3012; x_wconf 85' lang='grc' dir='ltr'><strong>ΙΙ</strong></span> <span class='ocrx_word' id='word_1_531' title='bbox 1400 2970 1548 3013; x_wconf 85' lang='lat' dir='ltr'><strong>raptum</strong></span> <span class='ocrx_word' id='word_1_532' title='bbox 1575 2968 1605 3003; x_wconf 81' lang='lat' dir='ltr'><em>C</em></span> <span class='ocrx_word' id='word_1_533' title='bbox 1629 2970 1642 3013; x_wconf 81' lang='grc' dir='ltr'><strong>ΙΙ</strong></span> <span class='ocrx_word' id='word_1_534' title='bbox 1671 2967 1861 3012; x_wconf 86' lang='lat' dir='ltr'><strong>aegiptum</strong></span> <span class='ocrx_word' id='word_1_535' title='bbox 1889 2966 1919 2999; x_wconf 85' lang='lat' dir='ltr'><strong>C&#39;</strong></span> <span class='ocrx_word' id='word_1_536' title='bbox 1943 2967 1954 3009; x_wconf 89' lang='grc' dir='ltr'><strong>ΙΙ</strong></span> <span class='ocrx_word' id='word_1_537' title='bbox 1987 2970 2028 2999; x_wconf 87' lang='grc'><strong>19</strong></span> <span class='ocrx_word' id='word_1_538' title='bbox 2056 2965 2138 2999; x_wconf 87' lang='lat' dir='ltr'><strong>sub-</strong></span> 
     </span>
     <span class='ocr_line' id='line_1_51' title="bbox 447 3012 2143 3060; baseline -0.002 -11"><span class='ocrx_word' id='word_1_539' title='bbox 447 3017 608 3051; x_wconf 83' lang='lat' dir='ltr'><strong>tractum</strong></span> <span class='ocrx_word' id='word_1_540' title='bbox 642 3016 671 3051; x_wconf 81' lang='lat' dir='ltr'><em>G</em></span> <span class='ocrx_word' id='word_1_541' title='bbox 693 3018 705 3060; x_wconf 81' lang='grc' dir='ltr'><strong>ΙΙ</strong></span> <span class='ocrx_word' id='word_1_542' title='bbox 736 3016 827 3050; x_wconf 86' lang='lat' dir='ltr'><strong>dicit</strong></span> <span class='ocrx_word' id='word_1_543' title='bbox 857 3016 1051 3059; x_wconf 70' lang='lat' dir='ltr'><strong>Scioppius</strong></span> <span class='ocrx_word' id='word_1_544' title='bbox 1082 3016 1238 3049; x_wconf 71' lang='lat' dir='ltr'><strong>enotavit</strong></span> <span class='ocrx_word' id='word_1_545' title='bbox 1268 3016 1279 3059; x_wconf 79' lang='grc' dir='ltr'><strong>Η</strong></span> <span class='ocrx_word' id='word_1_546' title='bbox 1314 3019 1358 3049; x_wconf 91' lang='grc'><strong>20</strong></span> <span class='ocrx_word' id='word_1_547' title='bbox 1389 3015 1599 3059; x_wconf 85' lang='lat' dir='ltr'><strong>pulcritudo</strong></span> <span class='ocrx_word' id='word_1_548' title='bbox 1630 3014 1663 3048; x_wconf 93' lang='lat' dir='ltr'><em>L</em></span> <span class='ocrx_word' id='word_1_549' title='bbox 1694 3016 1706 3058; x_wconf 80' lang='grc' dir='ltr'>Η</span> <span class='ocrx_word' id='word_1_550' title='bbox 1741 3012 1898 3058; x_wconf 88' lang='lat' dir='ltr'><strong>Helena]</strong></span> <span class='ocrx_word' id='word_1_551' title='bbox 1931 3013 2085 3047; x_wconf 89' lang='lat' dir='ltr'><strong>helenae</strong></span> <span class='ocrx_word' id='word_1_552' title='bbox 2112 3012 2143 3047; x_wconf 79' lang='lat' dir='ltr'><em>O</em></span> 
     </span>
     <span class='ocr_line' id='line_1_52' title="bbox 448 3060 2032 3106; baseline -0.001 -11"><span class='ocrx_word' id='word_1_553' title='bbox 448 3063 581 3097; x_wconf 84' lang='lat' dir='ltr'><strong>helena</strong></span> <span class='ocrx_word' id='word_1_554' title='bbox 605 3074 647 3097; x_wconf 72' lang='lat' dir='ltr'><strong>cac</strong></span> <span class='ocrx_word' id='word_1_555' title='bbox 671 3063 802 3097; x_wconf 87' lang='lat' dir='ltr'><strong>helene</strong></span> <span class='ocrx_word' id='word_1_556' title='bbox 828 3062 861 3096; x_wconf 91' lang='lat' dir='ltr'><em>L</em></span> <span class='ocrx_word' id='word_1_557' title='bbox 881 3064 893 3106; x_wconf 87' lang='grc' dir='ltr'><strong>ΙΙ</strong></span> <span class='ocrx_word' id='word_1_558' title='bbox 921 3066 964 3096; x_wconf 88' lang='grc'><strong>22</strong></span> <span class='ocrx_word' id='word_1_559' title='bbox 991 3072 1078 3096; x_wconf 85' lang='lat' dir='ltr'><strong>sane</strong></span> <span class='ocrx_word' id='word_1_560' title='bbox 1105 3061 1255 3106; x_wconf 80' lang='lat' dir='ltr'><strong>quidam</strong></span> <span class='ocrx_word' id='word_1_561' title='bbox 1282 3089 1289 3096; x_wconf 91' lang='lat'>.</span> <span class='ocrx_word' id='word_1_562' title='bbox 1318 3089 1324 3096; x_wconf 94' lang='lat'><strong>.</strong></span> <span class='ocrx_word' id='word_1_563' title='bbox 1354 3089 1360 3096; x_wconf 87' lang='lat'><strong>.</strong></span> <span class='ocrx_word' id='word_1_564' title='bbox 1389 3062 1520 3106; x_wconf 70' lang='lat' dir='ltr'><strong>Ae1a01]</strong></span> <span class='ocrx_word' id='word_1_565' title='bbox 1547 3062 1592 3104; x_wconf 85' lang='lat' dir='ltr'><strong>cf.</strong></span> <span class='ocrx_word' id='word_1_566' title='bbox 1619 3061 1703 3096; x_wconf 71' lang='lat' dir='ltr'><strong>adn.</strong></span> <span class='ocrx_word' id='word_1_567' title='bbox 1729 3061 1807 3095; x_wconf 78' lang='lat' dir='ltr'><strong>crit.</strong></span> <span class='ocrx_word' id='word_1_568' title='bbox 1835 3060 1883 3094; x_wconf 79' lang='lat' dir='ltr'><strong>acl</strong></span> <span class='ocrx_word' id='word_1_569' title='bbox 1906 3070 1937 3094; x_wconf 73' lang='lat' dir='ltr'><strong>v.</strong></span> <span class='ocrx_word' id='word_1_570' title='bbox 1965 3062 2032 3094; x_wconf 79' lang='lat'><strong>592</strong></span> 
     </span>
    </p>
   </div>
  </div>
 </body>
</html>
