2204 3437
373 922 415 953 10

438 167 524 210 260
1203 161 1359 198 SERVII

557 277 654 318 244.
704 290 899 318 musmm's
928 291 1059 316 mmm
1087 272 1427 325 subaudiendum,
1459 283 1707 323 quamquam
1731 269 1906 311 sonitum
1930 269 2134 322 clcclcrunt,

440 352 576 389 tamen
608 349 822 388 instamus.
942 355 1212 386 INMEMORES
1244 341 1476 397 inprovidi:
1516 343 1590 382 aul:
1627 356 1713 382 non
1744 355 1954 382 memores
1987 354 2133 381 oracu-

439 419 591 461 lorum.
646 418 814 470 qzticlam
846 414 1124 457 <inmemorcs'
1157 416 1352 456 clementes
1382 413 1603 465 accipiunt,
1635 412 1829 464 quoniam
1860 412 2058 453 memoria
2089 411 2134 451 in

439 493 567 530 mente
605 488 796 529 consistit.
863 499 961 527 sane
996 487 1034 527 si
1063 486 1262 539 peritiam
1306 483 1475 536 Veranii
1511 482 1722 535 cliliyentcr
1758 483 1964 536 intendas,
2000 494 2134 522 secun-

440 561 536 601 dum
568 558 829 610 disciplinam
861 553 1058 598 carminis
1088 556 1288 610 Romani,
1325 568 1402 607 quo
1433 567 1483 594 ca:
1514 553 1679 595 urbibus
1708 554 1884 595 hostium
1922 554 2012 594 cleos
2043 555 2137 593 ante

440 644 599 672 evocare
636 628 832 682 solebant,
875 627 946 669 lioc
988 628 1117 677 dixin·
1162 629 1279 669 crant
1320 626 1429 667 enim
1472 625 1578 665 inter
1614 627 1741 666 cetera
1783 624 1980 665 carminis
2018 623 2136 664 verba

440 702 536 742 llaec
566 702 701 753 eique
724 700 905 753 populo
936 699 1226 751 civitatique
1263 700 1453 751 metum,
1483 696 1816 748 formidinem,
1849 695 2136 736 oblivionem

439 772 693 813 iniciatis:
719 772 825 812 unde
849 771 942 812 bene
967 769 1109 811 intulit
1133 768 1386 810 ‘inmemores
1411 768 1590 820 caecique
1612 765 1780 820 furore',
1805 769 2016 818 tamquam
2039 778 2137 818 quos

440 844 504 884 clei
529 843 806 896 perdiderant.

560 914 657 955 245.
706 925 962 955 MONSTRVM
995 924 1188 954 INFELIX
1224 911 1418 952 Troianis
1449 910 1618 951 scilicet:
1652 909 1759 962 quod
1788 910 1888 962 post
1925 911 2139 961 rem'pro-

443 986 590 1026 batam
623 985 742 1026 dixit.
861 1000 1042 1026 szsrfflrs
1077 983 1376 1036 constituimus,
1407 981 1672 1022 conlocamus.

561 1055 658 1096 246.
709 1066 830 1097 TVNC
863 1066 1006 1096 ΕΤΙΑΜ
1040 1054 1150 1095 siout
1183 1052 1365 1095 antehae
1397 1051 1585 1105 saepius:
1617 1065 1717 1091 nam
1743 1049 1908 1091 Helena
1941 1048 2139 1090 veniente

443 1127 725 1182 praedixerat.
856 1142 970 1167 FATJS
1002 1143 1145 1167 APERIT
1174 1140 1394 1165 CASSANDRA
1431 1139 1600 1164 Frrrms
1640 1135 1690 1162 ne
1724 1123 1974 1173 putarentur
2015 1119 2140 1171 stulti,

443 1199 514 1251 qui
544 1198 629 1239 vati
658 1210 741 1237 non
773 1197 1049 1249 credidissent,
1080 1197 1156 1237 cito
1187 1194 1352 1236 subiecit
1383 1192 1466 1234 ‘dci
1502 1194 1618 1234 iussu
1647 1205 1731 1233 non
1761 1204 1958 1243 umquam
1990 1191 2141 1231 credita

449 1267 646 1310 Teucris'.
706 1281 804 1309 sane
835 1267 1003 1320 quidam
1033 1266 1097 1308 liic
1129 1264 1269 1318 ‘fatis'
1294 1277 1374 1317 pro
1405 1263 1706 1316 calamitatibus
1737 1262 1951 1315 accipiunt.

565 1339 663 1380 247.
712 1350 793 1379 DEI
833 1348 965 1379 IVSSV
1002 1339 1228 1391 praecepto
1267 1334 1504 1389 Apollinis,
1543 1333 1615 1388 qu'i
1653 1348 1726 1388 spe
1767 1332 1969 1387 promissi
2008 1331 2143 1372 costus

447 1424 649 1452 concessa
686 1408 949 1450 divinatione
987 1407 1218 1449 frustratus
1258 1406 1433 1447 sustulit
1473 1405 1601 1446 fidem
1640 1419 1739 1446 vera
1776 1403 1945 1445 dicenti.
2078 1420 2148 1444 DEI

446 1497 564 1522 Jrssv
588 1483 800 1533 praecepto
831 1478 1063 1532 Apollinis:
1100 1479 1172 1531 (sui
1209 1491 1299 1518 cum
1337 1479 1513 1517 amasset
1544 1474 1840 1525 Cassandram,
1869 1474 1973 1527 petit
2009 1473 2060 1513 ab
2098 1486 2145 1513 ca

447 1552 532 1593 eius
575 1551 805 1592 concubitus
848 1550 1017 1602 copiam.
1079 1549 1155 1590 illa
1197 1548 1273 1589 lzac
1315 1547 1541 1588 conditione
1570 1547 1781 1600 promisit,
1825 1546 1862 1587 si
1898 1544 1976 1586 sibi
2013 1543 2064 1585 ab
2101 1556 2144 1584 eo

378 1630 422 1660 ‘20
446 1622 683 1674 futurorum
713 1621 882 1663 scientia
905 1623 1212 1672 praestan—etmu-
1249 1632 1373 1672 quam
1409 1631 1500 1658 cum
1537 1617 1686 1670 Apollo
1727 1616 1946 1668 tribuisset,
1983 1614 2033 1655 ab
2072 1614 2147 1655 illa

441 1694 671 1746 promissus
701 1693 827 1734 coitus
864 1692 1079 1744 (leneyatus
1110 1694 1175 1732 est.
1232 1691 1301 1731 secl
1330 1689 1496 1742 Apoll0,
1534 1688 1794 1730 dissimulata
1826 1686 2037 1740 paulisper
2067 1686 2146 1736 ira,

442 1765 547 1817 petit
576 1764 626 1805 ab
658 1778 722 1814 ea,
752 1766 799 1804 ut
827 1763 906 1804 sibi
937 1762 1118 1803 osculum
1156 1761 1298 1802 saltem
1322 1762 1568 1812 praestaret:
1606 1759 1713 1812 quod
1749 1771 1839 1799 cum
1876 1758 1951 1799 illa
1979 1757 2146 1809 fecisset,

449 1835 601 1888 Apollo
633 1849 675 1876 os
706 1835 793 1876 eius
823 1833 995 1887 inspuit,
1028 1836 1065 1874 et
1093 1833 1191 1885 quia
1223 1832 1373 1883 eripere
1403 1831 1473 1871 (leo
1504 1830 1623 1871 semel
1655 1829 1852 1870 tributum
1882 1841 2032 1869 munus
2063 1840 2146 1868 non

450 1906 720 1959 conveniebat,
764 1904 908 1958 effecit,
952 1906 998 1944 ut
1033 1903 1109 1944 illa
1145 1903 1305 1955 quidem
1343 1915 1438 1942 vera
1474 1901 1784 1953 vaticinaretur,
1827 1899 1897 1940 sed
1929 1899 2029 1952 fides
2064 1912 2147 1939 non

381 1984 424 2014 25
451 1977 672 2018 haberetur.
791 1986 887 2017 NON
924 1985 1122 2023 VMQVAM
1159 1988 1246 2014 non
1286 1971 1533 2026 aliquando,
1572 1971 1614 2012 id
1656 1972 1721 2011 est
1759 1983 2008 2024 numquam:
2043 1983 2146 2023 nam

453 2048 490 2089 si
521 2046 630 2088 ‘non
660 2045 917 2100 numquam’
951 2047 1082 2099 esset,
1120 2045 1229 2085 duae
1267 2043 1494 2097 negativae
1532 2042 1723 2083 facerents
1761 2055 1889 2081 unam
1928 2039 2147 2081 confirma-

547 2168 566 2198 2
594 2164 816 2197 Inmemores
842 2161 1042 2206 inprovidi]
1070 2160 1114 2195 cf.
1141 2160 1233 2195 Don.
1261 2159 1307 2194 ad
1334 2159 1414 2193 Ter.
1442 2159 1552 2192 Andr.
1579 2157 1629 2191 IV
1655 2162 1693 2201 3,
1721 2161 1740 2192 8
1772 2158 1783 2201 ΙΙ
1811 2160 1831 2190 8
1864 2155 1980 2199 Eique
2005 2155 2144 2200 populo

546 2210 722 2255 iniciatis]
760 2210 921 2244 Macrob.
949 2208 1025 2242 Sat.
1052 2208 1103 2242 ΙΙΙ
1130 2212 1168 2251 9,
1196 2211 1216 2242 8
1246 2208 1258 2251 ΙΙ
1292 2211 1333 2241 16
1366 2207 1564 2251 praecepto
1596 2203 1778 2249 Apollinis
1810 2231 1818 2238 .
1840 2230 1876 2239 ..
1910 2202 2063 2247 dicenti]
2098 2202 2142 2237 cf.

453 2259 635 2303 mythogr.
663 2259 678 2291 I
706 2261 772 2292 180
798 2258 837 2291 ot
862 2257 894 2290 Π
923 2261 987 2290 196

551 2369 568 2398 1
597 2364 645 2398 acl
669 2375 699 2398 v.
722 2367 790 2397 244
815 2363 997 2396 Instamus
1024 2361 1164 2406 tamen]
1194 2358 1519 2394 subaudiendum..
1544 2386 1550 2392 .
1573 2386 1579 2392 .
1607 2357 1850 2392 oraculorum.
1888 2358 1949 2391 uel
1974 2355 2147 2390 inmemo-

454 2423 511 2446 res
539 2412 728 2446 dementes
756 2438 790 2444 ..
813 2437 819 2443 .
848 2409 1028 2444 consssitit.
1058 2409 1094 2443 P
1116 2409 1128 2452 ll
1160 2407 1329 2442 dederinb
1356 2407 1391 2440 P
1413 2406 1424 2449 ΙΙ
1455 2410 1475 2439 2
1503 2405 1582 2450 aut]
1610 2406 1652 2439 u'n
1679 2405 1715 2438 P
1737 2405 1749 2448 ΙΙ
1782 2408 1799 2438 7
1828 2403 1972 2438 civitati
1999 2403 2148 2437 BIacro-

455 2460 535 2493 bins
554 2460 565 2503 ΙΙ
585 2462 604 2492 8
630 2458 867 2503 inmemores]
895 2467 1075 2491 memores
1097 2456 1153 2500 ΟῙΙ
1173 2466 1262 2498 quos
1290 2454 1348 2488 dei
1367 2453 1563 2497 Berylcins:
1591 2451 1655 2496 qui
1680 2451 1766 2485 deos
1797 2451 1835 2486 C.
1868 2451 2061 2493 tamquam
2086 2449 2149 2493 qui

456 2507 542 2541 deos
563 2505 801 2550 perdiderant
821 2505 858 2548 (i.
874 2515 899 2538 c.
921 2514 1072 2548 quorum
1092 2514 1135 2537 eat
1154 2502 1241 2536 urbe
1260 2502 1317 2536 clei
1336 2501 1470 2534 erocati
1490 2500 1608 2543 erant)
1622 2499 1698 2533 secl.
1715 2498 1762 2534 F.-
1778 2497 1974 2532 Sclioellius
1993 2498 2004 2541 ΙΙ
2024 2501 2044 2531 9
2065 2508 2148 2541 pro—

456 2553 627 2587 diderant
647 2552 841 2595 Scioppius
861 2551 1026 2585 enotavit.
1048 2552 1059 2593 ΙΙ
1080 2554 1122 2584 10
1144 2550 1191 2583 ad
1210 2560 1240 2582 v.
1257 2552 1323 2582 245
1341 2546 1527 2592 Sistimus]
1545 2545 1812 2588 const-iluimus,
1833 2545 2066 2579 collocamus.
2088 2544 2124 2576 P
2138 2544 2148 2587 Η

456 2599 554 2645 post]
582 2600 652 2633 hoc
678 2600 763 2643 post
790 2598 882 2632 ME
899 2599 910 2640 ΙΙ
933 2602 972 2631 11
1000 2597 1107 2640 dixit]
1135 2608 1219 2630 nam
1246 2597 1334 2629 tuno
1360 2594 1461 2629 aliud
1481 2594 1682 2638 putabatur
1709 2592 1880 2636 (putabat
1899 2592 1924 2635 l)
1951 2592 2034 2626 aclcl.
2056 2590 2112 2624 El
2137 2594 2147 2636 ,ζ

458 2647 691 2682 conlocamus
719 2646 781 2679 0²:
815 2645 1004 2679 conlonius
1032 2644 1061 2678 O
1089 2645 1100 2686 ΙΙ
1134 2647 1174 2676 12
1203 2643 1251 2677 αι]
1275 2654 1306 2675 r.
1334 2646 1401 2676 246
1428 2641 1545 2686 Fatis]
1573 2640 1724 2684 quidam
1749 2640 1810 2673 hic
1834 2650 1901 2683 pro
1928 2637 2148 2672 calamitati-

457 2695 524 2728 bus
551 2693 748 2737 accipiunt.
778 2692 813 2725 P
827 2692 838 2735 ΙΙ
858 2694 942 2725 ante
969 2692 1037 2725 hac
1059 2692 1088 2725 G
1112 2691 1197 2724 ante
1222 2700 1265 2724 ac
1285 2690 1318 2723 L
1328 2689 1414 2722 ΗΕ
1431 2690 1442 2733 ΙΙ
1464 2692 1504 2722 13
1531 2689 1682 2730 sortasse
1706 2687 1861 2720 ventura.
1880 2684 2114 2730 praedixerat
2138 2686 2149 2729 ll

458 2741 692 2785 praedixerat
716 2739 841 2773 futura
867 2738 968 2772 bella
994 2739 1030 2772 et
1056 2737 1166 2771 mala.
1193 2736 1231 2770 D
1267 2736 1487 2780 (Stephanus
1512 2746 1648 2779 quoque
1673 2734 1799 2777 ccliclit)
1831 2733 1843 2777 ΙΙ
1876 2737 1918 2767 16
1950 2733 1998 2766 acl
2022 2743 2053 2766 v.
2081 2735 2147 2765 247

458 2788 527 2822 Dei
552 2787 667 2831 iussu]
695 2787 892 2831 praecepto
919 2784 1118 2829 Apollinis:
1145 2783 1206 2827 qui
1234 2795 1316 2817 cum
1342 2783 1504 2817 amasset
1524 2781 1768 2816 Cassandram
1795 2809 1801 2815 .
1824 2808 1830 2814 .
1853 2807 1860 2813 .
1886 2778 2078 2813 ‘cribuisset
2103 2778 2149 2812 ab

459 2846 517 2877 ea,
544 2836 587 2869 ul:
612 2833 682 2868 sibi
709 2833 912 2868 oscululum
947 2833 1024 2875 (sic)
1051 2831 1175 2865 salt-im
1202 2830 1378 2864 dedisset:
1411 2829 1509 2873 quod
1544 2840 1627 2862 cum
1658 2828 1725 2862 illa
1748 2827 1972 2871 praestasset
2007 2836 2046 2859 os
2073 2824 2150 2859 eius

458 2882 599 2926 inspuit
626 2910 633 2916 .
656 2909 662 2915 .
687 2910 692 2915 .
721 2892 767 2914 an
793 2880 961 2914 neutrum
988 2879 1141 2923 plurale.
1170 2878 1206 2911 P
1228 2879 1239 2921 ΙΙ
1265 2877 1327 2920 qui
1348 2888 1411 2921 spe
1440 2905 1446 2910 .
1470 2904 1476 2911 .
1499 2904 1505 2910 .
1534 2875 1681 2910 dicendi
1706 2885 1770 2909 om.
1794 2874 1824 2907 O
1844 2875 1856 2917 ΙΙ
1881 2871 2051 2917 promissi
2077 2871 2149 2906 coi-

458 2929 534 2973 tus]
563 2928 718 2963 coeundi
746 2928 790 2961 M
816 2928 828 2972 ΙΙ
855 2931 895 2961 17
923 2925 1149 2960 divinatione
1174 2925 1443 2969 mytltogyraphi:
1476 2923 1671 2957 diuinitate
1697 2921 1784 2954 LH
1788 2920 1835 2954 M
1842 2919 1881 2953 E
1903 2920 1915 2963 ΙΙ
1942 2923 1984 2953 19
2018 2929 2149 2953 concu-

459 2977 555 3010 bitos
591 2976 627 3008 P
655 2976 667 3019 ΙΙ
698 2974 757 3019 eo]
791 2986 835 3009 ea
868 2974 903 3008 P
932 2975 943 3017 ΙΙ
974 2977 1018 3007 22
1051 2984 1094 3008 ea
1126 2983 1168 3006 ea:
1200 2973 1238 3005 ct
1271 2971 1300 3005 G
1327 2972 1339 3014 {l
1367 2975 1410 3004 23
1443 2970 1544 3015 quia]
1578 2980 1648 3013 que
1683 2968 1718 3001 P
1747 2969 1759 3011 ΙΙ
1789 2966 1986 3010 'tribubumJl
2021 2965 2149 2999 datum

460 3034 634 3066 superscr.
666 3034 761 3056 man.
796 3032 861 3056 rec.
889 3022 929 3055 in
957 3021 986 3055 (J
1014 3021 1025 3063 ΙΙ
1056 3018 1277 3054 conuueniat
1304 3019 1339 3051 P
1367 3019 1378 3061 11
1410 3018 1524 3052 efficit
1549 3016 1585 3050 P
1610 3018 1622 3059 ΙΙ
1653 3019 1696 3048 25
1729 3015 1767 3048 id
1795 3014 1852 3048 est
1876 3023 2052 3056 umquam
2081 3012 2116 3045 P
2139 3012 2149 3057 il

460 3081 545 3102 nani
584 3070 610 3103 si
651 3081 722 3104 non
761 3080 960 3112 numquam
998 3068 1120 3101 essent
1157 3066 1249 3100 duae
1286 3064 1485 3109 negatiuae
1520 3065 1557 3098 ot
1593 3062 1758 3097 fac-erent
1789 3071 1899 3094 unam
1934 3060 2150 3094 oonnfirma-

460 3116 575 3152 ‘uiuam
604 3117 633 3150 (ι’
