2204 3437
584 192 735 228 COMM.
761 193 813 227 IN
838 191 977 226 VERG.
1004 192 1115 226 AEN.
1142 192 1185 226 II.
1216 195 1410 226 167-—172.
1756 191 1839 231 249

146 302 304 343 tliraeia
350 301 519 342 Troiani
563 301 830 342 translatam:
878 300 955 341 alii
996 300 1128 341 nndta
1168 299 1295 351 fnisse
1338 298 1551 349 Palladia,
1595 300 1664 339 sed
1704 298 1774 339 lioe
1817 313 1843 339 a

146 373 340 415 Diomede
371 375 408 413 et
446 371 566 414 Ulixe
593 372 704 424 furto
736 372 917 412 ablatam
950 371 1127 411 tradunt.

267 444 360 484 167.
412 454 591 484 SACRAM
624 453 850 483 EFFIGIEM
889 441 1011 495 quasi
1049 441 1095 481 de
1135 441 1251 481 caelo
1291 441 1468 494 lapsam.
1529 444 1565 481 et
1605 444 1682 481 tres
1719 441 1843 482 simul

148 528 212 555 res
242 514 364 567 dixit,
396 527 520 565 qnare
551 526 700 554 namen
732 514 992 554 irasceretur:
1030 511 1136 563 qnod
1166 512 1366 553 antistites
1397 512 1519 562 eaesi,
1557 512 1664 564 qnod
1695 512 1843 552 tollere—

147 588 232 639 tur,
264 585 371 637 quod
400 584 575 625 eruentis
607 584 808 625 manibus.

268 655 362 696 169.
412 667 473 695 EX
504 666 611 696 ILLO
650 654 783 706 facto,
822 655 888 695 vel
927 656 1131 707 tempore.
1270 665 1454 694 FLVERE
1488 654 1628 694 delabi.
1689 656 1726 694 et
1756 653 1843 694 τῶν

148 724 293 780 μέσων
320 727 403 778 est3
428 739 527 765 nam
554 724 647 766 ideo
670 725 832 766 addidit
859 723 1029 766 eretro'.
1083 726 1230 765 contra
1257 722 1486 765 Sallustius
1515 724 1665 765 rebus
1694 739 1844 778 supra

147 798 267 837 vota
297 795 599 836 fluentibus.

270 867 362 907 170.
412 877 592 907 AVERSA
624 878 746 906 DEAE
780 878 901 907 MENS
940 869 1118 919 propter
1149 865 1254 906 illud
1287 864 1590 918 ‘manibusque
1624 864 1844 905 cruentis’.

270 937 363 977 171.
414 948 641 978 TRITONIA
667 939 742 977 aut
767 937 889 990 quasi
909 936 1135 990 terribilis,
1161 932 1244 977 ἀπὸ
1266 936 1346 977 τοῦ
1365 942 1498 989 τρεῖν,
1524 935 1566 975 id
1589 937 1653 976 est
1681 935 1844 985 timere,

148 1011 221 1049 aut
253 1022 277 1048 a
314 1007 487 1062 Tritone
509 1021 629 1048 amne
659 1007 871 1058 Boeotiae,
909 1010 982 1048 ant
1017 1021 1044 1048 a
1078 1007 1288 1048 Tritonide
1318 1006 1471 1059 palude
1502 1006 1691 1059 Africae,
1729 1007 1845 1047 iuxta

149 1092 271 1131 qnam
311 1081 411 1119 nata
452 1078 618 1127 dieitur,
661 1078 889 1119 seeundum
930 1077 1148 1119 Lucanum
1189 1076 1275 1130 <IX
1316 1077 1428 1130 354>
1471 1080 1518 1117 et
1560 1091 1611 1118 se
1652 1077 1843 1118 dilecta

145 1148 418 1190 Tritonida
458 1148 594 1189 dixit
632 1149 690 1189 ab
729 1148 872 1189 unda.
935 1163 1035 1189 sane
1075 1147 1313 1189 ‘Tritonia’
1355 1147 1725 1189 antonomasivum
1766 1151 1842 1201 est,

153 1220 261 1274 quia·
282 1219 503 1274 proprium
537 1221 602 1260 est
632 1218 865 1260 Minervae:
900 1234 998 1260 nam
1026 1219 1217 1273 epitheta
1244 1221 1342 1259 sunt
1375 1233 1482 1272 quae
1508 1218 1637 1259 variis
1663 1221 1843 1272 possunt

147 1291 214 1331 vel
245 1290 438 1345 personis
470 1290 539 1331 vel
571 1290 696 1331 rebus
725 1287 906 1344 adponi.
946 1292 988 1331 et
1013 1290 1119 1331 haee
1146 1292 1266 1330 caute
1294 1289 1561 1330 observanda
1587 1291 1698 1343 Sunt,
1732 1289 1843 1330 sieut

155 1365 197 1403 et
240 1362 415 1416 propria
458 1361 649 1415 nomina,
695 1376 802 1416 quae
845 1362 1094 1416 plerumque
1134 1376 1183 1402 ex
1223 1360 1496 1414 appellativis
1536 1362 1651 1414 sunt,
1696 1363 1743 1401 ut
1782 1363 1866 1406 est¹

149 1432 300 1474 Victor
334 1433 399 1473 vel
432 1432 565 1473 Felix.

277 1504 369 1545 172.
419 1516 500 1544 ΠΧ
532 1503 657 1544 modo
697 1503 838 1545 ‘mox’
870 1504 1085 1557 siqnifieat.
1211 1520 1365 1545 CASTRIS
1387 1517 1466 1556 pro
1497 1504 1543 1543 in
1574 1503 1728 1543 eastris.

152 1592 407 1616 ,ssazm-..acffms
438 1576 543 1616 inter
574 1579 824 1616 consecratas
854 1589 933 1625 res,
971 1576 1017 1616 id
1046 1578 1102 1616 est
1132 1576 1263 1619 aedes.
1295 1588 1429 1627 areas,
1468 1575 1588 1615 etiarn
1625 1573 1848 1614 simulacra

154 1645 419 1697 cceeipiimtm·‚
451 1647 559 1699 qnod
587 1647 632 1687 in
664 1646 849 1688 bucolicis
877 1645 988 1698 <VII
1008 1646 1091 1699 31>
1117 1646 1312 1698 seriptum
1345 1648 1411 1686 est.
1448 1644 1513 1686 liie
1543 1657 1633 1697 erqo
1662 1645 1748 1696 ipso
1778 1659 1846 1685 no-

151 1717 260 1757 mine
302 1717 516 1758 simulacri
546 1718 880 1758 consecrationem
911 1718 996 1758 eins
1027 1717 1217 1765 ostendit;
1258 1717 1348 1768 quis
1378 1716 1486 1756 enirn
1517 1716 1679 1769 iynorat
1708 1715 1848 1757 Palla-

150 1789 264 1829 dium
301 1788 566 1829 simnlaermn
606 1789 818 1829 Minervae
859 1788 969 1829 esse?
1031 1802 1154 1840 qaam
1195 1790 1329 1828 antem
1369 1800 1531 1828 sacrani
1570 1787 1714 1839 ficeret,
1754 1787 1848 1828 ltine

145 1861 262 1913 docet,
299 1859 406 1911 qaod
434 1860 495 1900 ait
529 1859 617 1901 ‘nee
647 1860 780 1901 'dubiis
812 1873 859 1900 ea
890 1859 1010 1912 styria
1041 1860 1149 1900 (ledit
1179 1859 1369 1899 Tritonia
1402 1859 1603 1899 monstris.
1644 1859 1713 1899 ¹ria·
1735 1859 1846 1911 posi-

152 1937 235 1971 tmn
267 1929 431 1971 eastris'
464 1934 501 1971 et
532 1931 703 1984 reliqna,
735 1933 782 1972 at
805 1934 1018 1983 appareat,
1056 1933 1093 1971 et
1129 1930 1210 1971 loeo
1242 1933 1396 1971 motum
1432 1930 1515 1970 vim
1554 1932 1687 1970 tamen
1719 1942 1845 1969 eonse-

245 2074 264 2105 7
287 2070 498 2116 Sallustius]
520 2070 602 2105 hist.
623 2070 754 2116 fragm.
775 2071 845 2105 ino.
869 2074 911 2104 70
932 2071 992 2104 ΚΥ.
1014 2071 1025 2115 ΙΙ
1047 2074 1089 2104 10
1111 2069 1280 2104 Tritonia
1302 2070 1366 2103 aut
1386 2069 1489 2114 quasi
1508 2068 1683 2103 terribilis
1705 2079 1733 2104 6.
1751 2080 1783 2112 q.
1802 2068 1845 2113 S.]

152 2129 263 2153 exscr.
290 2117 473 2162 mythogr.
501 2118 552 2152 ΙΙΙ
580 2122 633 2162 10,
662 2122 677 2151 1
707 2119 795 2152 extr.
824 2117 868 2152 of.
897 2117 980 2152 Isid.
1009 2118 1099 2163 orig.
1126 2118 1212 2151 VIII
1240 2121 1295 2160 11,
1324 2121 1366 2151 74

247 2252 266 2282 3
294 2248 440 2291 lapsum
467 2247 545 2282 CH
565 2248 710 2292 lapsam
735 2259 778 2282 eoe
804 2248 949 2292 lapsum
976 2248 1008 2281 L
1027 2249 1039 2291 Η
1069 2252 1089 2282 4
1116 2246 1317 2292 antistites]
1344 2247 1439 2282 arcis
1465 2247 1539 2281 tres
1567 2246 1704 2281 Daniel
1722 2248 1734 2290 ΙΙ
1754 2250 1773 2280 6
1801 2246 1848 2279 (al

154 2307 184 2330 v.
216 2299 279 2329 169
306 2295 361 2328 Ex
386 2294 467 2339 illo]
495 2294 594 2329 facto
620 2295 680 2330 vel
705 2296 883 2339 tempore.
933 2295 1080 2340 Flnere]
1117 2294 1240 2329 delabi
1267 2294 1450 2338 (delapsi).
1484 2295 1520 2328 et
1546 2295 1602 2328 est
1627 2293 1699 2327 τῶν
1726 2292 1848 2337 μέσων

152 2344 232 2382 (ton
257 2343 415 2385 meson);
442 2352 528 2375 nam
554 2342 638 2376 ideo
665 2342 810 2376 addidit
838 2342 991 2376 ‘retro’.
1023 2342 1057 2375 P
1079 2343 1091 2386 11
1115 2341 1231 2386 facto]
1259 2342 1336 2375 fato
1366 2342 1413 2374 M
1430 2342 1441 2384 ΙΙ
1469 2342 1506 2374 et
1531 2342 1587 2374 est
1615 2339 1715 2384 0117
1743 2339 1849 2374 addit

153 2389 290 2423 Daniel
315 2390 327 2433 ΙΙ
354 2388 550 2423 Sallustius
576 2390 728 2423 econtra
756 2389 785 2423 O
809 2392 840 2423 et
865 2389 1002 2423 Daniel
1026 2390 1037 2433 ΙΙ
1064 2400 1173 2433 super
1198 2388 1335 2422 Daniel
1353 2389 1364 2431 Η
1385 2392 1403 2421 9
1436 2399 1594 2421 AnvfflzsA
1623 2388 1669 2420 M
1693 2389 1704 2430 Η
1733 2390 1774 2420 10
1801 2388 1848 2420 ad

152 2448 183 2470 v.
213 2440 277 2470 171
312 2435 492 2480 Tritonia]
531 2447 553 2470 a
585 2436 734 2470 Tritone
776 2447 883 2470 amne
916 2437 1053 2480 (amno)
1087 2436 1281 2479 Boeotiae,
1321 2438 1385 2469 aut
1423 2446 1444 2468 a
1483 2433 1673 2468 Tritonide
1713 2433 1847 2477 palude

154 2482 320 2526 Africae,
347 2482 449 2516 iuxta
475 2494 586 2527 quam
611 2485 700 2517 nata
727 2483 870 2517 dicitur.
917 2483 1116 2517 secundum
1144 2485 1269 2517 autem
1294 2482 1493 2516 Lucanum.
1538 2493 1559 2515 a
1585 2480 1749 2525 personis
1777 2481 1847 2523 (so-

151 2530 222 2573 nis)
248 2530 309 2564 uel
337 2530 444 2564 rebus
471 2530 619 2573 apponi.
670 2532 707 2564 et
731 2531 824 2565 haec
850 2559 855 2564 .
880 2558 886 2564 .
909 2558 916 2564 .
945 2542 989 2564 ex
1014 2530 1253 2574 appellatiuis
1281 2531 1376 2564 sunt.
1410 2529 1446 2561 P
1474 2529 1485 2572 ΙΙ
1517 2530 1583 2562 aut
1609 2556 1615 2562 .
1638 2556 1644 2561 .
1668 2557 1674 2563 .
1701 2527 1846 2570 timere]

153 2579 218 2612 aut
243 2589 276 2621 q.
303 2576 402 2611 inter
432 2576 568 2611 nubilis
604 2574 678 2613 άπὸ
707 2578 772 2612 τοῦ
798 2580 996 2620 θροεικοαι
1021 2582 1035 2611 '1‘
1066 2577 1199 2612 timore
1228 2577 1257 2611 C
1292 2578 1356 2611 aut
1387 2576 1492 2619 quasi
1523 2575 1739 2609 intenibilis
1773 2570 1846 2607 ἀπὸ

153 2625 217 2659 τοῦ
244 2626 448 2669 θροεῖσθαι
473 2623 511 2658 id
537 2625 594 2659 est
618 2624 749 2659 timere
777 2625 913 2659 Daniel
932 2627 943 2668 ΙΙ
962 2636 1035 2659 ano
1057 2637 1218 2658 TY'rmTiN
1238 2624 1271 2657 L
1291 2626 1446 2667 (YTm'rm
1467 2624 1505 2656 in
1527 2634 1596 2656 ras.
1620 2623 1644 2664 l)
1675 2634 1847 2655 ΛΠοΥΤΡιΝ

154 2672 198 2705 Η
221 2684 291 2705 Ano
318 2684 387 2705 ΤΟΥ
411 2684 490 2705 TRIN
519 2672 611 2705 ME
640 2673 652 2715 ΙΙ
682 2672 720 2706 id
746 2673 816 2717 est]
845 2672 943 2716 quod
970 2673 1026 2706 est
1054 2672 1124 2705 Me
1154 2672 1165 2715 11
1199 2676 1240 2705 12
1268 2670 1474 2715 Lucanum]
1504 2669 1566 2713 qui
1592 2669 1645 2703 ait
1670 2669 1752 2702 add.
1782 2681 1810 2701 m
1838 2669 1848 2690 ἶ*

154 2719 299 2753 delecta
325 2729 367 2752 ea:
393 2717 531 2753 dilecta
559 2719 603 2752 H
629 2720 640 2763 ΙΙ
673 2723 715 2753 13
748 2718 938 2763 trytonida
964 2720 1007 2753 H
1034 2721 1045 2762 [Ι
1076 2718 1149 2753 hab
1176 2718 1220 2752 H
1246 2720 1257 2762 ΙΙ
1289 2718 1335 2752 ab
1361 2718 1475 2762 unda]
1506 2717 1566 2750 uel
1593 2716 1759 2749 Tritonia
1784 2728 1849 2758 per

156 2762 416 2811 ἐτυμολογιάν,
448 2765 535 2809 quia
570 2777 651 2800 oum
684 2766 732 2800 sit
763 2766 807 2799 de
835 2766 1034 2810 sapientia,
1067 2766 1105 2800 in
1141 2767 1263 2810 partes
1295 2767 1369 2799 tres
1405 2763 1600 2798 diuiditur:
1637 2763 1673 2796 in
1713 2762 1847 2796 intelli-

153 2813 318 2857 gentiam
350 2812 395 2847 de
427 2813 594 2856 tempore
626 2812 829 2857 praesenti,
863 2812 901 2847 in
932 2813 1207 2857 prouidentiam
1236 2812 1279 2846 de
1312 2812 1454 2853 futuro,
1488 2811 1525 2844 in
1556 2808 1770 2844 memoriam
1804 2809 1847 2842 do

154 2861 319 2905 tempore
357 2857 558 2904 praeterito
599 2861 681 2895 add.
715 2860 752 2893 D
784 2861 795 2903 ΙΙ
834 2860 904 2905 ost]
944 2860 982 2894 id
1020 2862 1077 2894 est
1111 2860 1191 2894 uico
1228 2859 1388 2893 nominis
1427 2858 1578 2902 ponitur
1616 2867 1706 2900 qnae
1743 2856 1848 2899 vulfio

155 2907 360 2949 adduntur,
386 2907 454 2941 mei
479 2907 566 2940 libri
591 2908 758 2940 omittunt
783 2908 795 2951 ΙΙ
822 2911 864 2940 14
891 2907 1056 2942 minei-ua
1085 2908 1131 2941 M
1138 2908 1150 2941 l
1174 2908 1186 2951 Η
1213 2910 1254 2940 15
1284 2905 1510 2940 obsoruande
1540 2904 1575 2937 P
1591 2905 1602 2946 ΙΙ
1631 2907 1671 2936 16
1700 2902 1849 2937 numina

159 2953 195 2987 P
224 2955 235 2999 ΙΙ
267 2958 310 2988 18
342 2954 390 2988 ad
421 2965 452 2989 v.
482 2958 547 2988 172
581 2953 667 2999 Vix]
701 2954 811 2988 modo
846 2954 971 2988 ‘mox’
1007 2954 1204 2997 signifieat.
1256 2952 1407 2997 Castris]
1535 2950 1723 2984 Mineruae
1759 2960 1846 2985 osse.

156 3000 303 3046 Arsere]
332 3028 339 3035 .
362 3030 368 3035 .
391 3028 397 3035 .
425 3000 624 3034 tremulum
651 3001 717 3035 est.
747 3001 782 3034 P
811 3002 822 3044 ΙΙ
857 3005 897 3035 19
924 3001 960 3035 id
988 3001 1058 3046 est]
1084 3002 1236 3044 fortasse
1261 3000 1302 3033 ut
1332 3000 1343 3043 ΙΙ
1375 3010 1480 3032 areas
1509 2998 1558 3030 1².-
1586 3008 1710 3031 aereas
1737 2997 1848 3031 edidit

157 3047 309 3089 Daniel,
334 3058 445 3090 neque
470 3047 510 3081 F
510 3048 689 3082 uldensem
715 3048 902 3082 dissentire
928 3049 1137 3082 adnotatum
1166 3051 1224 3081 est.
1276 3047 1320 3088 ef.
1349 3047 1396 3079 ad
1422 3046 1496 3079 bue.
1526 3045 1591 3078 VII
1618 3048 1658 3077 31
1681 3045 1693 3087 ΙΙ
1720 3048 1763 3077 20
1790 3055 1848 3078 ac-

159 3093 343 3138 cipiuntur
371 3094 422 3128 P:
449 3094 636 3138 accipiunt
661 3095 798 3128 Daniel
823 3095 935 3129 edidit
967 3107 1077 3139 neque
1110 3096 1149 3128 ¹in
1176 3094 1372 3137 appendice
1396 3093 1585 3136 quiequam
1613 3091 1812 3125 adnotavit.
1838 3093 1849 3133 Γ

159 3143 204 3175 24
229 3141 299 3175 etsi
323 3141 405 3175 loco
432 3143 572 3175 motum
599 3142 689 3176 coni.
716 3142 955 3176 Burmannus

1874 944 1914 973 lo

1874 1296 1954 1326 15*

1873 1651 1917 1681 20
