<?xml version="1.0" encoding="UTF-8"?>
<!DOCTYPE html PUBLIC "-//W3C//DTD XHTML 1.0 Transitional//EN"
    "http://www.w3.org/TR/xhtml1/DTD/xhtml1-transitional.dtd">
<html xmlns="http://www.w3.org/1999/xhtml" xml:lang="en" lang="en">
 <head>
  <title>
</title>
<meta http-equiv="Content-Type" content="text/html;charset=utf-8" />
  <meta name='ocr-system' content='tesseract 3.04.00' />
  <meta name='ocr-capabilities' content='ocr_page ocr_carea ocr_par ocr_line ocrx_word'/>
</head>
<body>
  <div class='ocr_page' id='page_1' title='image "./invergiliicarmin01servuoft_0091.png"; bbox 0 0 2204 3437; ppageno 0'>
   <div class='ocr_carea' id='block_1_1' title="bbox 0 0 27 3437">
    <p class='ocr_par' dir='ltr' id='par_1_1' title="bbox 0 0 27 3437">
     <span class='ocr_line' id='line_1_1' title="bbox 0 0 27 3437; baseline 0 0"><span class='ocrx_word' id='word_1_1' title='bbox 0 0 27 3437; x_wconf 95' lang='lat' dir='ltr'> </span> 
     </span>
    </p>
   </div>
   <div class='ocr_carea' id='block_1_2' title="bbox 848 177 1827 215">
    <p class='ocr_par' dir='ltr' id='par_1_2' title="bbox 848 177 1827 215">
     <span class='ocr_line' id='line_1_2' title="bbox 848 177 1827 215; baseline -0.003 0"><span class='ocrx_word' id='word_1_2' title='bbox 848 177 1134 215; x_wconf 84' lang='lat' dir='ltr'><strong>PRAEFATIO.</strong></span> <span class='ocrx_word' id='word_1_3' title='bbox 1664 177 1827 212; x_wconf 86' lang='lat' dir='ltr'>LXXXV</span> 
     </span>
    </p>
   </div>
   <div class='ocr_carea' id='block_1_3' title="bbox 136 284 1831 1332">
    <p class='ocr_par' dir='ltr' id='par_1_3' title="bbox 141 284 1829 629">
     <span class='ocr_line' id='line_1_3' title="bbox 143 284 1828 347; baseline -0.006 -11"><span class='ocrx_word' id='word_1_4' title='bbox 143 294 406 336; x_wconf 76' lang='lat' dir='ltr'>scholiastes.</span> <span class='ocrx_word' id='word_1_5' title='bbox 463 292 574 347; x_wconf 84' lang='lat' dir='ltr'>quod</span> <span class='ocrx_word' id='word_1_6' title='bbox 607 305 702 333; x_wconf 91' lang='lat' dir='ltr'>cum</span> <span class='ocrx_word' id='word_1_7' title='bbox 732 291 795 331; x_wconf 88' lang='lat' dir='ltr'>ita</span> <span class='ocrx_word' id='word_1_8' title='bbox 833 289 889 330; x_wconf 90' lang='lat' dir='ltr'>sit</span> <span class='ocrx_word' id='word_1_9' title='bbox 920 287 1095 341; x_wconf 82' lang='lat' dir='ltr'>dignam</span> <span class='ocrx_word' id='word_1_10' title='bbox 1133 288 1236 340; x_wconf 89' lang='lat' dir='ltr'>puto</span> <span class='ocrx_word' id='word_1_11' title='bbox 1271 299 1361 326; x_wconf 90' lang='lat' dir='ltr'>esse</span> <span class='ocrx_word' id='word_1_12' title='bbox 1393 284 1502 325; x_wconf 90' lang='lat' dir='ltr'>hanc</span> <span class='ocrx_word' id='word_1_13' title='bbox 1540 285 1695 326; x_wconf 83' lang='lat' dir='ltr'>codicis</span> <span class='ocrx_word' id='word_1_14' title='bbox 1734 301 1828 339; x_wconf 86' lang='lat' dir='ltr'>par—</span> 
     </span>
     <span class='ocr_line' id='line_1_4' title="bbox 141 354 1828 418; baseline -0.004 -13"><span class='ocrx_word' id='word_1_15' title='bbox 141 368 227 406; x_wconf 79' lang='lat' dir='ltr'>tem</span> <span class='ocrx_word' id='word_1_16' title='bbox 262 378 369 418; x_wconf 86' lang='lat' dir='ltr'>quae</span> <span class='ocrx_word' id='word_1_17' title='bbox 402 362 648 416; x_wconf 88' lang='lat' dir='ltr'>diligentius</span> <span class='ocrx_word' id='word_1_18' title='bbox 682 360 937 402; x_wconf 68' lang='lat' dir='ltr'><strong>excutiatur:</strong></span> <span class='ocrx_word' id='word_1_19' title='bbox 971 356 1082 411; x_wconf 87' lang='lat' dir='ltr'>quod</span> <span class='ocrx_word' id='word_1_20' title='bbox 1107 356 1328 410; x_wconf 86' lang='lat' dir='ltr'>negotium</span> <span class='ocrx_word' id='word_1_21' title='bbox 1349 354 1475 396; x_wconf 88' lang='lat' dir='ltr'>facile</span> <span class='ocrx_word' id='word_1_22' title='bbox 1494 356 1636 408; x_wconf 87' lang='lat' dir='ltr'>patiar</span> <span class='ocrx_word' id='word_1_23' title='bbox 1663 356 1714 397; x_wconf 90' lang='lat' dir='ltr'>ab</span> <span class='ocrx_word' id='word_1_24' title='bbox 1745 357 1828 398; x_wconf 85' lang='lat' dir='ltr'>alio</span> 
     </span>
     <span class='ocr_line' id='line_1_5' title="bbox 143 424 1828 488; baseline -0.005 -12"><span class='ocrx_word' id='word_1_25' title='bbox 143 434 354 488; x_wconf 88' lang='lat' dir='ltr'>occupari.</span> <span class='ocrx_word' id='word_1_26' title='bbox 409 433 589 487; x_wconf 89' lang='lat' dir='ltr'>denique</span> <span class='ocrx_word' id='word_1_27' title='bbox 622 443 907 473; x_wconf 88' lang='lat' dir='ltr'>commemoro</span> <span class='ocrx_word' id='word_1_28' title='bbox 946 427 1018 469; x_wconf 89' lang='lat' dir='ltr'>fol.</span> <span class='ocrx_word' id='word_1_29' title='bbox 1055 425 1156 468; x_wconf 58' lang='lat'>162¹)</span> <span class='ocrx_word' id='word_1_30' title='bbox 1187 426 1496 480; x_wconf 73' lang='lat' dir='ltr'>praefationem</span> <span class='ocrx_word' id='word_1_31' title='bbox 1529 424 1729 467; x_wconf 82' lang='lat' dir='ltr'>Aeneidis</span> <span class='ocrx_word' id='word_1_32' title='bbox 1763 441 1828 467; x_wconf 80' lang='lat' dir='ltr'>ex-</span> 
     </span>
     <span class='ocr_line' id='line_1_6' title="bbox 141 495 1829 557; baseline -0.005 -11"><span class='ocrx_word' id='word_1_33' title='bbox 141 507 232 546; x_wconf 90' lang='lat' dir='ltr'>tare</span> <span class='ocrx_word' id='word_1_34' title='bbox 264 504 404 546; x_wconf 87' lang='lat' dir='ltr'>medio</span> <span class='ocrx_word' id='word_1_35' title='bbox 439 518 542 545; x_wconf 87' lang='lat' dir='ltr'>aevo</span> <span class='ocrx_word' id='word_1_36' title='bbox 576 498 919 557; x_wconf 82' lang='lat' dir='ltr'>compositam¹)‚</span> <span class='ocrx_word' id='word_1_37' title='bbox 952 498 1069 539; x_wconf 90' lang='lat' dir='ltr'>cuius</span> <span class='ocrx_word' id='word_1_38' title='bbox 1103 497 1343 550; x_wconf 87' lang='lat' dir='ltr'>exemplum</span> <span class='ocrx_word' id='word_1_39' title='bbox 1381 497 1425 537; x_wconf 90' lang='lat' dir='ltr'>in</span> <span class='ocrx_word' id='word_1_40' title='bbox 1458 495 1696 537; x_wconf 86' lang='lat' dir='ltr'>Turonensi</span> <span class='ocrx_word' id='word_1_41' title='bbox 1729 512 1829 551; x_wconf 89' lang='lat' dir='ltr'>quo-</span> 
     </span>
     <span class='ocr_line' id='line_1_7' title="bbox 143 569 1359 629; baseline -0.008 -12"><span class='ocrx_word' id='word_1_42' title='bbox 143 590 222 629; x_wconf 89' lang='lat' dir='ltr'>que</span> <span class='ocrx_word' id='word_1_43' title='bbox 255 575 396 616; x_wconf 89' lang='lat' dir='ltr'>codice</span> <span class='ocrx_word' id='word_1_44' title='bbox 428 573 591 626; x_wconf 81' lang='lat' dir='ltr'>inveni,</span> <span class='ocrx_word' id='word_1_45' title='bbox 628 572 700 613; x_wconf 90' lang='lat' dir='ltr'>sed</span> <span class='ocrx_word' id='word_1_46' title='bbox 732 571 774 611; x_wconf 91' lang='lat' dir='ltr'>id</span> <span class='ocrx_word' id='word_1_47' title='bbox 807 570 850 610; x_wconf 90' lang='lat' dir='ltr'>in</span> <span class='ocrx_word' id='word_1_48' title='bbox 880 569 1052 611; x_wconf 85' lang='lat' dir='ltr'>brevius</span> <span class='ocrx_word' id='word_1_49' title='bbox 1086 569 1359 609; x_wconf 88' lang='lat' dir='ltr'>contractum.</span> 
     </span>
    </p>

    <p class='ocr_par' dir='ltr' id='par_1_4' title="bbox 136 637 1831 1332">
     <span class='ocr_line' id='line_1_8' title="bbox 259 637 1829 694; baseline -0.004 -8"><span class='ocrx_word' id='word_1_50' title='bbox 259 645 376 694; x_wconf 82' lang='lat' dir='ltr'>Quae</span> <span class='ocrx_word' id='word_1_51' title='bbox 408 644 518 686; x_wconf 88' lang='lat' dir='ltr'>ratio</span> <span class='ocrx_word' id='word_1_52' title='bbox 551 644 663 684; x_wconf 90' lang='lat' dir='ltr'>inter</span> <span class='ocrx_word' id='word_1_53' title='bbox 705 641 868 683; x_wconf 89' lang='lat' dir='ltr'>codices</span> <span class='ocrx_word' id='word_1_54' title='bbox 911 655 936 681; x_wconf 91' lang='lat' dir='ltr'>a</span> <span class='ocrx_word' id='word_1_55' title='bbox 976 653 1043 680; x_wconf 90' lang='lat' dir='ltr'>me</span> <span class='ocrx_word' id='word_1_56' title='bbox 1085 638 1278 680; x_wconf 87' lang='lat' dir='ltr'>conlatos</span> <span class='ocrx_word' id='word_1_57' title='bbox 1320 637 1557 679; x_wconf 69' lang='lat' dir='ltr'>intercedat</span> <span class='ocrx_word' id='word_1_58' title='bbox 1597 641 1645 678; x_wconf 88' lang='lat' dir='ltr'>ut</span> <span class='ocrx_word' id='word_1_59' title='bbox 1684 639 1829 691; x_wconf 83' lang='lat' dir='ltr'>paucis</span> 
     </span>
     <span class='ocr_line' id='line_1_9' title="bbox 141 707 1830 769; baseline -0.005 -12"><span class='ocrx_word' id='word_1_60' title='bbox 141 730 369 769; x_wconf 79' lang='lat' dir='ltr'>exponam,</span> <span class='ocrx_word' id='word_1_61' title='bbox 402 715 437 755; x_wconf 90' lang='lat' dir='ltr'>is</span> <span class='ocrx_word' id='word_1_62' title='bbox 471 714 542 768; x_wconf 91' lang='lat' dir='ltr'>qui</span> <span class='ocrx_word' id='word_1_63' title='bbox 585 712 823 768; x_wconf 85' lang='lat' dir='ltr'>pleniorem</span> <span class='ocrx_word' id='word_1_64' title='bbox 863 709 1217 752; x_wconf 88' lang='lat' dir='ltr'>commentarium</span> <span class='ocrx_word' id='word_1_65' title='bbox 1257 708 1498 762; x_wconf 89' lang='lat' dir='ltr'>composuit</span> <span class='ocrx_word' id='word_1_66' title='bbox 1537 707 1743 749; x_wconf 77' lang='lat' dir='ltr'>Serviana</span> <span class='ocrx_word' id='word_1_67' title='bbox 1781 723 1830 749; x_wconf 86' lang='lat' dir='ltr'>ex</span> 
     </span>
     <span class='ocr_line' id='line_1_10' title="bbox 141 779 1831 840; baseline -0.004 -13"><span class='ocrx_word' id='word_1_68' title='bbox 141 786 329 840; x_wconf 90' lang='lat' dir='ltr'>perbono</span> <span class='ocrx_word' id='word_1_69' title='bbox 364 783 594 838; x_wconf 89' lang='lat' dir='ltr'>exemplari</span> <span class='ocrx_word' id='word_1_70' title='bbox 625 782 796 838; x_wconf 78' lang='lat' dir='ltr'>petivit,</span> <span class='ocrx_word' id='word_1_71' title='bbox 830 797 912 836; x_wconf 90' lang='lat' dir='ltr'>qua</span> <span class='ocrx_word' id='word_1_72' title='bbox 945 795 989 822; x_wconf 90' lang='lat' dir='ltr'>re</span> <span class='ocrx_word' id='word_1_73' title='bbox 1022 780 1183 821; x_wconf 86' lang='lat' dir='ltr'>factum</span> <span class='ocrx_word' id='word_1_74' title='bbox 1217 781 1281 820; x_wconf 87' lang='lat' dir='ltr'>est</span> <span class='ocrx_word' id='word_1_75' title='bbox 1306 782 1354 820; x_wconf 88' lang='lat' dir='ltr'>ut</span> <span class='ocrx_word' id='word_1_76' title='bbox 1380 779 1598 819; x_wconf 89' lang='lat' dir='ltr'>Danielini</span> <span class='ocrx_word' id='word_1_77' title='bbox 1630 779 1730 819; x_wconf 84' lang='lat' dir='ltr'>libri</span> <span class='ocrx_word' id='word_1_78' title='bbox 1751 780 1831 820; x_wconf 91' lang='lat' dir='ltr'>etsi</span> 
     </span>
     <span class='ocr_line' id='line_1_11' title="bbox 140 849 1830 910; baseline -0.004 -13"><span class='ocrx_word' id='word_1_79' title='bbox 140 856 317 910; x_wconf 86' lang='lat' dir='ltr'>vulgata</span> <span class='ocrx_word' id='word_1_80' title='bbox 349 854 511 896; x_wconf 88' lang='lat' dir='ltr'>scholia</span> <span class='ocrx_word' id='word_1_81' title='bbox 542 853 665 895; x_wconf 86' lang='lat' dir='ltr'>valde</span> <span class='ocrx_word' id='word_1_82' title='bbox 698 853 911 893; x_wconf 90' lang='lat' dir='ltr'>inmutata</span> <span class='ocrx_word' id='word_1_83' title='bbox 943 851 1191 900; x_wconf 73' lang='lat' dir='ltr'>exhibeant,</span> <span class='ocrx_word' id='word_1_84' title='bbox 1225 849 1338 890; x_wconf 88' lang='lat' dir='ltr'>haud</span> <span class='ocrx_word' id='word_1_85' title='bbox 1370 849 1518 903; x_wconf 85' lang='lat' dir='ltr'>paucis</span> <span class='ocrx_word' id='word_1_86' title='bbox 1551 852 1696 890; x_wconf 88' lang='lat' dir='ltr'>tamen</span> <span class='ocrx_word' id='word_1_87' title='bbox 1727 850 1830 891; x_wconf 91' lang='lat' dir='ltr'>locis</span> 
     </span>
     <span class='ocr_line' id='line_1_12' title="bbox 139 919 1830 980; baseline -0.004 -13"><span class='ocrx_word' id='word_1_88' title='bbox 139 926 181 966; x_wconf 87' lang='lat' dir='ltr'>id</span> <span class='ocrx_word' id='word_1_89' title='bbox 202 925 314 980; x_wconf 88' lang='lat' dir='ltr'>quod</span> <span class='ocrx_word' id='word_1_90' title='bbox 336 924 468 967; x_wconf 78' lang='lat' dir='ltr'>Servii</span> <span class='ocrx_word' id='word_1_91' title='bbox 491 939 582 966; x_wconf 90' lang='lat' dir='ltr'>esse</span> <span class='ocrx_word' id='word_1_92' title='bbox 603 924 769 965; x_wconf 86' lang='lat' dir='ltr'>videtur</span> <span class='ocrx_word' id='word_1_93' title='bbox 789 923 870 964; x_wconf 90' lang='lat' dir='ltr'>soli</span> <span class='ocrx_word' id='word_1_94' title='bbox 897 921 1137 963; x_wconf 85' lang='lat' dir='ltr'>ostendant.</span> <span class='ocrx_word' id='word_1_95' title='bbox 1187 919 1256 974; x_wconf 79' lang='lat' dir='ltr'>(cf.</span> <span class='ocrx_word' id='word_1_96' title='bbox 1288 935 1327 974; x_wconf 90' lang='lat' dir='ltr'>p.</span> <span class='ocrx_word' id='word_1_97' title='bbox 1348 919 1527 972; x_wconf 85' lang='lat' dir='ltr'>LXVII)</span> <span class='ocrx_word' id='word_1_98' title='bbox 1554 920 1665 960; x_wconf 87' lang='lat' dir='ltr'>inter</span> <span class='ocrx_word' id='word_1_99' title='bbox 1685 921 1830 975; x_wconf 87' lang='lat' dir='ltr'>vulga-</span> 
     </span>
     <span class='ocr_line' id='line_1_13' title="bbox 139 989 1830 1046; baseline -0.004 -8"><span class='ocrx_word' id='word_1_100' title='bbox 139 998 206 1037; x_wconf 89' lang='lat' dir='ltr'>tos</span> <span class='ocrx_word' id='word_1_101' title='bbox 240 996 403 1038; x_wconf 87' lang='lat' dir='ltr'>codices</span> <span class='ocrx_word' id='word_1_102' title='bbox 430 995 659 1036; x_wconf 89' lang='lat' dir='ltr'>Bernensis</span> <span class='ocrx_word' id='word_1_103' title='bbox 692 995 777 1036; x_wconf 77' lang='lat'>363</span> <span class='ocrx_word' id='word_1_104' title='bbox 816 996 858 1034; x_wconf 91' lang='lat' dir='ltr'>et</span> <span class='ocrx_word' id='word_1_105' title='bbox 889 991 1194 1046; x_wconf 77' lang='lat' dir='ltr'>Frisingensis7</span> <span class='ocrx_word' id='word_1_106' title='bbox 1228 991 1380 1045; x_wconf 84' lang='lat' dir='ltr'>quibus</span> <span class='ocrx_word' id='word_1_107' title='bbox 1413 989 1649 1043; x_wconf 82' lang='lat' dir='ltr'>Lipsiensis</span> <span class='ocrx_word' id='word_1_108' title='bbox 1683 993 1724 1031; x_wconf 91' lang='lat' dir='ltr'>et</span> <span class='ocrx_word' id='word_1_109' title='bbox 1755 991 1830 1032; x_wconf 88' lang='lat' dir='ltr'>Te-</span> 
     </span>
     <span class='ocr_line' id='line_1_14' title="bbox 141 1061 1831 1121; baseline -0.002 -14"><span class='ocrx_word' id='word_1_110' title='bbox 141 1066 412 1121; x_wconf 87' lang='lat' dir='ltr'>gernseensis</span> <span class='ocrx_word' id='word_1_111' title='bbox 445 1069 704 1108; x_wconf 83' lang='lat' dir='ltr'>correctores</span> <span class='ocrx_word' id='word_1_112' title='bbox 738 1064 863 1118; x_wconf 76' lang='lat' dir='ltr'>addo,</span> <span class='ocrx_word' id='word_1_113' title='bbox 903 1079 927 1104; x_wconf 93' lang='lat' dir='ltr'>a</span> <span class='ocrx_word' id='word_1_114' title='bbox 958 1062 1132 1116; x_wconf 86' lang='lat' dir='ltr'>reliquis</span> <span class='ocrx_word' id='word_1_115' title='bbox 1163 1076 1288 1115; x_wconf 89' lang='lat' dir='ltr'>saepe</span> <span class='ocrx_word' id='word_1_116' title='bbox 1321 1061 1598 1102; x_wconf 90' lang='lat' dir='ltr'>dissentiunt:</span> <span class='ocrx_word' id='word_1_117' title='bbox 1642 1062 1831 1114; x_wconf 87' lang='lat' dir='ltr'>pertinet</span> 
     </span>
     <span class='ocr_line' id='line_1_15' title="bbox 140 1132 1830 1187; baseline -0.004 -9"><span class='ocrx_word' id='word_1_118' title='bbox 140 1139 286 1178; x_wconf 86' lang='lat' dir='ltr'>tamen</span> <span class='ocrx_word' id='word_1_119' title='bbox 318 1151 367 1178; x_wconf 88' lang='lat' dir='ltr'>ea</span> <span class='ocrx_word' id='word_1_120' title='bbox 400 1137 609 1178; x_wconf 91' lang='lat' dir='ltr'>dissensio</span> <span class='ocrx_word' id='word_1_121' title='bbox 643 1137 695 1177; x_wconf 89' lang='lat' dir='ltr'>ad</span> <span class='ocrx_word' id='word_1_122' title='bbox 720 1136 850 1177; x_wconf 84' lang='lat' dir='ltr'>verba</span> <span class='ocrx_word' id='word_1_123' title='bbox 876 1134 1015 1187; x_wconf 84' lang='lat' dir='ltr'>magis</span> <span class='ocrx_word' id='word_1_124' title='bbox 1054 1147 1181 1187; x_wconf 89' lang='lat' dir='ltr'>quam</span> <span class='ocrx_word' id='word_1_125' title='bbox 1214 1132 1266 1172; x_wconf 90' lang='lat' dir='ltr'>ad</span> <span class='ocrx_word' id='word_1_126' title='bbox 1298 1146 1384 1182; x_wconf 79' lang='lat' dir='ltr'>reS,</span> <span class='ocrx_word' id='word_1_127' title='bbox 1422 1132 1490 1172; x_wconf 87' lang='lat' dir='ltr'>vel</span> <span class='ocrx_word' id='word_1_128' title='bbox 1530 1133 1578 1172; x_wconf 92' lang='lat' dir='ltr'>ut</span> <span class='ocrx_word' id='word_1_129' title='bbox 1610 1132 1734 1173; x_wconf 89' lang='lat' dir='ltr'>aliter</span> <span class='ocrx_word' id='word_1_130' title='bbox 1772 1133 1830 1173; x_wconf 89' lang='lat' dir='ltr'>di-</span> 
     </span>
     <span class='ocr_line' id='line_1_16' title="bbox 141 1203 1830 1262; baseline -0.003 -13"><span class='ocrx_word' id='word_1_131' title='bbox 141 1221 252 1262; x_wconf 81' lang='lat' dir='ltr'>cam,</span> <span class='ocrx_word' id='word_1_132' title='bbox 295 1207 468 1249; x_wconf 87' lang='lat' dir='ltr'>eaedem</span> <span class='ocrx_word' id='word_1_133' title='bbox 507 1222 574 1249; x_wconf 87' lang='lat' dir='ltr'>res</span> <span class='ocrx_word' id='word_1_134' title='bbox 615 1222 700 1249; x_wconf 89' lang='lat' dir='ltr'>non</span> <span class='ocrx_word' id='word_1_135' title='bbox 741 1206 901 1247; x_wconf 90' lang='lat' dir='ltr'>eisdem</span> <span class='ocrx_word' id='word_1_136' title='bbox 942 1205 986 1245; x_wconf 92' lang='lat' dir='ltr'>in</span> <span class='ocrx_word' id='word_1_137' title='bbox 1026 1206 1208 1257; x_wconf 90' lang='lat' dir='ltr'>utroque</span> <span class='ocrx_word' id='word_1_138' title='bbox 1250 1203 1458 1243; x_wconf 89' lang='lat' dir='ltr'>librorum</span> <span class='ocrx_word' id='word_1_139' title='bbox 1500 1216 1652 1256; x_wconf 81' lang='lat' dir='ltr'>genere</span> <span class='ocrx_word' id='word_1_140' title='bbox 1689 1204 1830 1244; x_wconf 79' lang='lat' dir='ltr'>verbis</span> 
     </span>
     <span class='ocr_line' id='line_1_17' title="bbox 136 1273 1831 1332; baseline -0.002 -13"><span class='ocrx_word' id='word_1_141' title='bbox 136 1278 357 1332; x_wconf 84' lang='lat' dir='ltr'>expositae</span> <span class='ocrx_word' id='word_1_142' title='bbox 391 1281 499 1320; x_wconf 88' lang='lat' dir='ltr'>sunt.</span> <span class='ocrx_word' id='word_1_143' title='bbox 550 1278 684 1320; x_wconf 87' lang='lat' dir='ltr'>veluti</span> <span class='ocrx_word' id='word_1_144' title='bbox 710 1292 748 1331; x_wconf 91' lang='lat' dir='ltr'>p.</span> <span class='ocrx_word' id='word_1_145' title='bbox 772 1277 837 1330; x_wconf 81' lang='lat'>13,</span> <span class='ocrx_word' id='word_1_146' title='bbox 858 1276 913 1317; x_wconf 78' lang='lat'>28</span> <span class='ocrx_word' id='word_1_147' title='bbox 947 1275 1157 1316; x_wconf 88' lang='lat' dir='ltr'>collocata</span> <span class='ocrx_word' id='word_1_148' title='bbox 1189 1275 1255 1314; x_wconf 89' lang='lat' dir='ltr'>est</span> <span class='ocrx_word' id='word_1_149' title='bbox 1275 1273 1385 1314; x_wconf 82' lang='lat' dir='ltr'>BM</span> <span class='ocrx_word' id='word_1_150' title='bbox 1411 1276 1476 1314; x_wconf 90' lang='lat' dir='ltr'>est</span> <span class='ocrx_word' id='word_1_151' title='bbox 1508 1274 1650 1326; x_wconf 86' lang='lat' dir='ltr'>posita</span> <span class='ocrx_word' id='word_1_152' title='bbox 1668 1274 1831 1328; x_wconf 82' lang='lat' dir='ltr'><em>KLH;</em></span> 
     </span>
    </p>
   </div>
   <div class='ocr_carea' id='block_1_4' title="bbox 235 1413 1831 1468">
    <p class='ocr_par' dir='ltr' id='par_1_5' title="bbox 235 1413 1831 1468">
     <span class='ocr_line' id='line_1_18' title="bbox 235 1413 1831 1468; baseline -0.003 -15"><span class='ocrx_word' id='word_1_153' title='bbox 235 1420 268 1463; x_wconf 89' lang='lat'>1)</span> <span class='ocrx_word' id='word_1_154' title='bbox 294 1419 385 1453; x_wconf 88' lang='lat' dir='ltr'>haec</span> <span class='ocrx_word' id='word_1_155' title='bbox 418 1420 474 1454; x_wconf 89' lang='lat' dir='ltr'>est</span> <span class='ocrx_word' id='word_1_156' title='bbox 500 1429 543 1453; x_wconf 89' lang='lat' dir='ltr'>ea</span> <span class='ocrx_word' id='word_1_157' title='bbox 567 1416 768 1463; x_wconf 87' lang='lat' dir='ltr'>praefatio:</span> <span class='ocrx_word' id='word_1_158' title='bbox 810 1415 867 1449; x_wconf 82' lang='lat' dir='ltr'>‘In</span> <span class='ocrx_word' id='word_1_159' title='bbox 894 1414 1119 1459; x_wconf 75' lang='lat' dir='ltr'>exponendis</span> <span class='ocrx_word' id='word_1_160' title='bbox 1151 1413 1253 1448; x_wconf 88' lang='lat' dir='ltr'>libris</span> <span class='ocrx_word' id='word_1_161' title='bbox 1280 1413 1477 1448; x_wconf 87' lang='lat' dir='ltr'>autenticis</span> <span class='ocrx_word' id='word_1_162' title='bbox 1505 1413 1607 1448; x_wconf 88' lang='lat' dir='ltr'>.VII.</span> <span class='ocrx_word' id='word_1_163' title='bbox 1634 1413 1831 1468; x_wconf 67' lang='lat' dir='ltr'>periochae</span> 
     </span>
    </p>
   </div>
   <div class='ocr_carea' id='block_1_5' title="bbox 136 1465 1833 3150">
    <p class='ocr_par' dir='ltr' id='par_1_6' title="bbox 136 1465 1833 3150">
     <span class='ocr_line' id='line_1_19' title="bbox 138 1465 1831 1518; baseline -0.004 -6"><span class='ocrx_word' id='word_1_164' title='bbox 138 1477 177 1512; x_wconf 90' lang='lat' dir='ltr'>id</span> <span class='ocrx_word' id='word_1_165' title='bbox 215 1478 269 1511; x_wconf 90' lang='lat' dir='ltr'>est</span> <span class='ocrx_word' id='word_1_166' title='bbox 307 1476 605 1512; x_wconf 80' lang='lat' dir='ltr'>circumstantiae</span> <span class='ocrx_word' id='word_1_167' title='bbox 639 1476 722 1510; x_wconf 88' lang='lat' dir='ltr'>sunt</span> <span class='ocrx_word' id='word_1_168' title='bbox 754 1473 995 1518; x_wconf 81' lang='lat' dir='ltr'>requirendae</span> <span class='ocrx_word' id='word_1_169' title='bbox 1032 1483 1126 1517; x_wconf 88' lang='lat' dir='ltr'>quae</span> <span class='ocrx_word' id='word_1_170' title='bbox 1163 1474 1205 1506; x_wconf 91' lang='lat' dir='ltr'>ut</span> <span class='ocrx_word' id='word_1_171' title='bbox 1237 1483 1370 1517; x_wconf 89' lang='lat' dir='ltr'>graeco</span> <span class='ocrx_word' id='word_1_172' title='bbox 1404 1473 1554 1506; x_wconf 88' lang='lat' dir='ltr'>utamur</span> <span class='ocrx_word' id='word_1_173' title='bbox 1585 1472 1731 1515; x_wconf 87' lang='lat' dir='ltr'>eloquio</span> <span class='ocrx_word' id='word_1_174' title='bbox 1759 1485 1774 1506; x_wconf 87' lang='grc'>5</span> <span class='ocrx_word' id='word_1_175' title='bbox 1808 1465 1831 1505; x_wconf 61' lang='lat' dir='ltr'>s</span> 
     </span>
     <span class='ocr_line' id='line_1_20' title="bbox 139 1525 1830 1575; baseline -0.004 -10"><span class='ocrx_word' id='word_1_176' title='bbox 139 1532 217 1575; x_wconf 72' lang='lat' dir='ltr'>(leq.</span> <span class='ocrx_word' id='word_1_177' title='bbox 244 1531 388 1575; x_wconf 85' lang='lat' dir='ltr'>septem</span> <span class='ocrx_word' id='word_1_178' title='bbox 416 1532 512 1574; x_wconf 89' lang='lat' dir='ltr'>sunt)</span> <span class='ocrx_word' id='word_1_179' title='bbox 539 1543 605 1564; x_wconf 77' lang='lat' dir='ltr'>Tre.</span> <span class='ocrx_word' id='word_1_180' title='bbox 634 1543 679 1564; x_wconf 77' lang='lat' dir='ltr'>⁷r1.</span> <span class='ocrx_word' id='word_1_181' title='bbox 709 1541 817 1562; x_wconf 75' lang='lat' dir='ltr'>AIATI.</span> <span class='ocrx_word' id='word_1_182' title='bbox 845 1540 924 1561; x_wconf 79' lang='lat' dir='ltr'>noo.</span> <span class='ocrx_word' id='word_1_183' title='bbox 955 1539 1035 1560; x_wconf 75' lang='grc'>1101.</span> <span class='ocrx_word' id='word_1_184' title='bbox 1060 1538 1170 1559; x_wconf 71' lang='lat' dir='ltr'>noun.</span> <span class='ocrx_word' id='word_1_185' title='bbox 1196 1537 1325 1559; x_wconf 67' lang='lat' dir='ltr'>TMTEN.</span> <span class='ocrx_word' id='word_1_186' title='bbox 1353 1526 1394 1558; x_wconf 93' lang='lat' dir='ltr'>ut</span> <span class='ocrx_word' id='word_1_187' title='bbox 1414 1525 1505 1558; x_wconf 83' lang='lat' dir='ltr'>haec</span> <span class='ocrx_word' id='word_1_188' title='bbox 1526 1525 1607 1569; x_wconf 79' lang='lat' dir='ltr'>ipsa</span> <span class='ocrx_word' id='word_1_189' title='bbox 1628 1536 1687 1559; x_wconf 91' lang='lat' dir='ltr'>ore</span> <span class='ocrx_word' id='word_1_190' title='bbox 1714 1525 1830 1560; x_wconf 83' lang='lat' dir='ltr'>latino</span> 
     </span>
     <span class='ocr_line' id='line_1_21' title="bbox 138 1578 1831 1628; baseline -0.003 -10"><span class='ocrx_word' id='word_1_191' title='bbox 138 1583 376 1619; x_wconf 90' lang='lat' dir='ltr'>absoluamus</span> <span class='ocrx_word' id='word_1_192' title='bbox 403 1584 492 1628; x_wconf 87' lang='lat' dir='ltr'>quis.</span> <span class='ocrx_word' id='word_1_193' title='bbox 521 1583 619 1627; x_wconf 87' lang='grc'>(111111.</span> <span class='ocrx_word' id='word_1_194' title='bbox 647 1594 719 1617; x_wconf 91' lang='lat' dir='ltr'>cur.</span> <span class='ocrx_word' id='word_1_195' title='bbox 758 1580 953 1625; x_wconf 88' lang='lat' dir='ltr'>quomodo.</span> <span class='ocrx_word' id='word_1_196' title='bbox 981 1579 1054 1613; x_wconf 90' lang='lat' dir='ltr'>ubi.</span> <span class='ocrx_word' id='word_1_197' title='bbox 1082 1579 1239 1622; x_wconf 90' lang='lat' dir='ltr'>quando.</span> <span class='ocrx_word' id='word_1_198' title='bbox 1267 1578 1373 1613; x_wconf 87' lang='lat' dir='ltr'>unde.</span> <span class='ocrx_word' id='word_1_199' title='bbox 1419 1578 1516 1622; x_wconf 88' lang='lat' dir='ltr'>Ergo</span> <span class='ocrx_word' id='word_1_200' title='bbox 1543 1578 1589 1613; x_wconf 83' lang='lat' dir='ltr'>ad</span> <span class='ocrx_word' id='word_1_201' title='bbox 1615 1578 1708 1612; x_wconf 84' lang='lat' dir='ltr'>illud</span> <span class='ocrx_word' id='word_1_202' title='bbox 1734 1579 1831 1623; x_wconf 84' lang='lat' dir='ltr'>quod</span> 
     </span>
     <span class='ocr_line' id='line_1_22' title="bbox 140 1631 1831 1682; baseline -0.004 -10"><span class='ocrx_word' id='word_1_203' title='bbox 140 1638 400 1682; x_wconf 83' lang='lat' dir='ltr'>interrogatur.</span> <span class='ocrx_word' id='word_1_204' title='bbox 427 1650 493 1673; x_wconf 73' lang='lat' dir='ltr'>rm.</span> <span class='ocrx_word' id='word_1_205' title='bbox 520 1637 559 1671; x_wconf 89' lang='lat' dir='ltr'>id</span> <span class='ocrx_word' id='word_1_206' title='bbox 585 1638 642 1671; x_wconf 87' lang='lat' dir='ltr'>est</span> <span class='ocrx_word' id='word_1_207' title='bbox 667 1635 748 1680; x_wconf 83' lang='lat' dir='ltr'>quis</span> <span class='ocrx_word' id='word_1_208' title='bbox 775 1633 1029 1679; x_wconf 87' lang='lat' dir='ltr'>respondetur.</span> <span class='ocrx_word' id='word_1_209' title='bbox 1074 1642 1244 1676; x_wconf 88' lang='lat' dir='ltr'>prosopa.</span> <span class='ocrx_word' id='word_1_210' title='bbox 1272 1631 1310 1664; x_wconf 88' lang='lat' dir='ltr'>id</span> <span class='ocrx_word' id='word_1_211' title='bbox 1336 1633 1392 1665; x_wconf 89' lang='lat' dir='ltr'>est</span> <span class='ocrx_word' id='word_1_212' title='bbox 1411 1642 1568 1675; x_wconf 88' lang='lat' dir='ltr'>persona</span> <span class='ocrx_word' id='word_1_213' title='bbox 1593 1633 1765 1668; x_wconf 88' lang='lat' dir='ltr'>auctoris.</span> <span class='ocrx_word' id='word_1_214' title='bbox 1792 1635 1831 1667; x_wconf 84' lang='lat' dir='ltr'>ut</span> 
     </span>
     <span class='ocr_line' id='line_1_23' title="bbox 145 1683 1830 1734; baseline -0.003 -10"><span class='ocrx_word' id='word_1_215' title='bbox 145 1690 227 1734; x_wconf 87' lang='lat' dir='ltr'>quis</span> <span class='ocrx_word' id='word_1_216' title='bbox 254 1689 429 1734; x_wconf 79' lang='lat' dir='ltr'>scripsit?</span> <span class='ocrx_word' id='word_1_217' title='bbox 456 1689 642 1734; x_wconf 86' lang='lat' dir='ltr'>Virgilius.</span> <span class='ocrx_word' id='word_1_218' title='bbox 687 1687 866 1723; x_wconf 84' lang='lat' dir='ltr'>uidelicet</span> <span class='ocrx_word' id='word_1_219' title='bbox 890 1684 1030 1730; x_wconf 87' lang='lat' dir='ltr'>uirgilii</span> <span class='ocrx_word' id='word_1_220' title='bbox 1064 1686 1101 1718; x_wconf 90' lang='lat' dir='ltr'>et</span> <span class='ocrx_word' id='word_1_221' title='bbox 1125 1683 1245 1718; x_wconf 84' lang='lat' dir='ltr'>maiae</span> <span class='ocrx_word' id='word_1_222' title='bbox 1271 1683 1379 1717; x_wconf 88' lang='lat' dir='ltr'>filius.</span> <span class='ocrx_word' id='word_1_223' title='bbox 1407 1683 1525 1718; x_wconf 87' lang='lat' dir='ltr'>dictus</span> <span class='ocrx_word' id='word_1_224' title='bbox 1551 1696 1573 1718; x_wconf 88' lang='lat' dir='ltr'>a</span> <span class='ocrx_word' id='word_1_225' title='bbox 1598 1685 1744 1729; x_wconf 72' lang='lat' dir='ltr'>uir-gula</span> <span class='ocrx_word' id='word_1_226' title='bbox 1769 1697 1830 1730; x_wconf 94' lang='lat' dir='ltr'>po-</span> 
     </span>
     <span class='ocr_line' id='line_1_24' title="bbox 142 1736 1831 1788; baseline -0.002 -12"><span class='ocrx_word' id='word_1_227' title='bbox 142 1743 230 1788; x_wconf 89' lang='lat' dir='ltr'>puli.</span> <span class='ocrx_word' id='word_1_228' title='bbox 258 1754 352 1787; x_wconf 90' lang='lat' dir='ltr'>quae</span> <span class='ocrx_word' id='word_1_229' title='bbox 379 1743 475 1777; x_wconf 87' lang='lat' dir='ltr'>sicut</span> <span class='ocrx_word' id='word_1_230' title='bbox 499 1743 538 1777; x_wconf 86' lang='lat' dir='ltr'>in</span> <span class='ocrx_word' id='word_1_231' title='bbox 562 1743 642 1777; x_wconf 90' lang='lat' dir='ltr'>uita</span> <span class='ocrx_word' id='word_1_232' title='bbox 668 1741 746 1776; x_wconf 88' lang='lat' dir='ltr'>eius</span> <span class='ocrx_word' id='word_1_233' title='bbox 772 1740 918 1786; x_wconf 86' lang='lat' dir='ltr'>legitur.</span> <span class='ocrx_word' id='word_1_234' title='bbox 960 1750 1042 1773; x_wconf 88' lang='lat' dir='ltr'>cum</span> <span class='ocrx_word' id='word_1_235' title='bbox 1074 1748 1116 1772; x_wconf 93' lang='lat' dir='ltr'>eo</span> <span class='ocrx_word' id='word_1_236' title='bbox 1148 1738 1236 1771; x_wconf 87' lang='lat' dir='ltr'>nato</span> <span class='ocrx_word' id='word_1_237' title='bbox 1268 1736 1307 1771; x_wconf 86' lang='lat' dir='ltr'>in</span> <span class='ocrx_word' id='word_1_238' title='bbox 1338 1737 1420 1771; x_wconf 90' lang='lat' dir='ltr'>loco</span> <span class='ocrx_word' id='word_1_239' title='bbox 1455 1738 1642 1782; x_wconf 85' lang='lat' dir='ltr'>puerperii</span> <span class='ocrx_word' id='word_1_240' title='bbox 1674 1738 1750 1772; x_wconf 88' lang='lat' dir='ltr'>eius</span> <span class='ocrx_word' id='word_1_241' title='bbox 1778 1750 1831 1772; x_wconf 81' lang='lat' dir='ltr'>se-</span> 
     </span>
     <span class='ocr_line' id='line_1_25' title="bbox 139 1790 1831 1841; baseline -0.002 -11"><span class='ocrx_word' id='word_1_242' title='bbox 139 1796 297 1830; x_wconf 82' lang='lat' dir='ltr'>cundum</span> <span class='ocrx_word' id='word_1_243' title='bbox 323 1807 462 1831; x_wconf 91' lang='lat' dir='ltr'>morem</span> <span class='ocrx_word' id='word_1_244' title='bbox 490 1795 705 1841; x_wconf 87' lang='lat' dir='ltr'>prouinciae</span> <span class='ocrx_word' id='word_1_245' title='bbox 732 1794 890 1838; x_wconf 84' lang='lat' dir='ltr'>depacta</span> <span class='ocrx_word' id='word_1_246' title='bbox 914 1792 1054 1827; x_wconf 82' lang='lat' dir='ltr'>fuisset.</span> <span class='ocrx_word' id='word_1_247' title='bbox 1100 1790 1204 1825; x_wconf 87' lang='lat' dir='ltr'>breui</span> <span class='ocrx_word' id='word_1_248' title='bbox 1223 1790 1277 1824; x_wconf 82' lang='lat' dir='ltr'>ita</span> <span class='ocrx_word' id='word_1_249' title='bbox 1298 1790 1496 1824; x_wconf 84' lang='lat' dir='ltr'>conualuit.</span> <span class='ocrx_word' id='word_1_250' title='bbox 1542 1792 1584 1825; x_wconf 90' lang='lat' dir='ltr'>ut</span> <span class='ocrx_word' id='word_1_251' title='bbox 1609 1791 1725 1825; x_wconf 90' lang='lat' dir='ltr'>multo</span> <span class='ocrx_word' id='word_1_252' title='bbox 1747 1793 1831 1826; x_wconf 76' lang='lat' dir='ltr'>ante</span> 
     </span>
     <span class='ocr_line' id='line_1_26' title="bbox 140 1842 1829 1893; baseline -0.003 -10"><span class='ocrx_word' id='word_1_253' title='bbox 140 1850 239 1883; x_wconf 88' lang='lat' dir='ltr'>satas</span> <span class='ocrx_word' id='word_1_254' title='bbox 265 1849 424 1893; x_wconf 88' lang='lat' dir='ltr'>populos</span> <span class='ocrx_word' id='word_1_255' title='bbox 451 1860 561 1893; x_wconf 89' lang='lat' dir='ltr'>quam</span> <span class='ocrx_word' id='word_1_256' title='bbox 589 1847 778 1883; x_wconf 82' lang='lat' dir='ltr'>celerrime</span> <span class='ocrx_word' id='word_1_257' title='bbox 806 1858 848 1881; x_wconf 84' lang='lat' dir='ltr'>ex</span> <span class='ocrx_word' id='word_1_258' title='bbox 875 1845 1071 1881; x_wconf 87' lang='lat' dir='ltr'>crescendo</span> <span class='ocrx_word' id='word_1_259' title='bbox 1098 1842 1372 1887; x_wconf 83' lang='lat' dir='ltr'>adaequauerit.</span> <span class='ocrx_word' id='word_1_260' title='bbox 1425 1842 1555 1877; x_wconf 84' lang='lat' dir='ltr'>Cetera</span> <span class='ocrx_word' id='word_1_261' title='bbox 1581 1843 1625 1878; x_wconf 93' lang='lat' dir='ltr'>de</span> <span class='ocrx_word' id='word_1_262' title='bbox 1652 1842 1731 1878; x_wconf 89' lang='lat' dir='ltr'>uita</span> <span class='ocrx_word' id='word_1_263' title='bbox 1752 1843 1829 1878; x_wconf 84' lang='lat' dir='ltr'>eius</span> 
     </span>
     <span class='ocr_line' id='line_1_27' title="bbox 137 1895 1831 1945; baseline -0.003 -10"><span class='ocrx_word' id='word_1_264' title='bbox 137 1913 230 1945; x_wconf 89' lang='lat' dir='ltr'>quae</span> <span class='ocrx_word' id='word_1_265' title='bbox 245 1902 315 1937; x_wconf 89' lang='lat' dir='ltr'>hoc</span> <span class='ocrx_word' id='word_1_266' title='bbox 335 1902 416 1937; x_wconf 88' lang='lat' dir='ltr'>loco</span> <span class='ocrx_word' id='word_1_267' title='bbox 444 1901 599 1936; x_wconf 87' lang='lat' dir='ltr'>dicenda</span> <span class='ocrx_word' id='word_1_268' title='bbox 625 1902 720 1935; x_wconf 86' lang='lat' dir='ltr'>sunt.</span> <span class='ocrx_word' id='word_1_269' title='bbox 766 1899 852 1943; x_wconf 86' lang='lat' dir='ltr'>quia</span> <span class='ocrx_word' id='word_1_270' title='bbox 877 1899 914 1933; x_wconf 90' lang='lat' dir='ltr'>in</span> <span class='ocrx_word' id='word_1_271' title='bbox 941 1897 1147 1943; x_wconf 86' lang='lat' dir='ltr'>expositore</span> <span class='ocrx_word' id='word_1_272' title='bbox 1169 1896 1246 1930; x_wconf 89' lang='lat' dir='ltr'>eius</span> <span class='ocrx_word' id='word_1_273' title='bbox 1268 1895 1386 1930; x_wconf 88' lang='lat' dir='ltr'>seruio</span> <span class='ocrx_word' id='word_1_274' title='bbox 1412 1895 1594 1939; x_wconf 87' lang='lat' dir='ltr'>leguntur.</span> <span class='ocrx_word' id='word_1_275' title='bbox 1641 1898 1678 1930; x_wconf 88' lang='lat' dir='ltr'>et</span> <span class='ocrx_word' id='word_1_276' title='bbox 1703 1896 1741 1930; x_wconf 89' lang='lat' dir='ltr'>in</span> <span class='ocrx_word' id='word_1_277' title='bbox 1767 1898 1831 1931; x_wconf 90' lang='lat' dir='ltr'>bu-</span> 
     </span>
     <span class='ocr_line' id='line_1_28' title="bbox 137 1949 1833 1998; baseline -0.002 -10"><span class='ocrx_word' id='word_1_278' title='bbox 137 1954 262 1989; x_wconf 88' lang='lat' dir='ltr'>colicis</span> <span class='ocrx_word' id='word_1_279' title='bbox 288 1954 473 1989; x_wconf 89' lang='lat' dir='ltr'>succincte</span> <span class='ocrx_word' id='word_1_280' title='bbox 508 1954 583 1988; x_wconf 88' lang='lat' dir='ltr'>iam</span> <span class='ocrx_word' id='word_1_281' title='bbox 614 1953 824 1998; x_wconf 87' lang='lat' dir='ltr'>praelibata</span> <span class='ocrx_word' id='word_1_282' title='bbox 858 1954 952 1987; x_wconf 87' lang='lat' dir='ltr'>sunt.</span> <span class='ocrx_word' id='word_1_283' title='bbox 999 1951 1085 1995; x_wconf 86' lang='lat' dir='ltr'>quia</span> <span class='ocrx_word' id='word_1_284' title='bbox 1115 1950 1314 1995; x_wconf 86' lang='lat' dir='ltr'>plurimum</span> <span class='ocrx_word' id='word_1_285' title='bbox 1345 1949 1484 1983; x_wconf 88' lang='lat' dir='ltr'>habent</span> <span class='ocrx_word' id='word_1_286' title='bbox 1522 1949 1758 1984; x_wconf 83' lang='lat' dir='ltr'>uerbositatis</span> <span class='ocrx_word' id='word_1_287' title='bbox 1795 1952 1833 1984; x_wconf 92' lang='lat' dir='ltr'>et</span> 
     </span>
     <span class='ocr_line' id='line_1_29' title="bbox 136 2001 1831 2051; baseline -0.003 -10"><span class='ocrx_word' id='word_1_288' title='bbox 136 2017 267 2051; x_wconf 87' lang='lat' dir='ltr'>parum</span> <span class='ocrx_word' id='word_1_289' title='bbox 304 2006 480 2041; x_wconf 83' lang='lat' dir='ltr'>utilitatis</span> <span class='ocrx_word' id='word_1_290' title='bbox 517 2006 857 2051; x_wconf 72' lang='lat' dir='ltr'>praetermittimus</span> <span class='ocrx_word' id='word_1_291' title='bbox 905 2004 1074 2039; x_wconf 86' lang='lat' dir='ltr'>Secunda</span> <span class='ocrx_word' id='word_1_292' title='bbox 1107 2002 1283 2048; x_wconf 86' lang='lat' dir='ltr'>periocha</span> <span class='ocrx_word' id='word_1_293' title='bbox 1318 2005 1374 2036; x_wconf 86' lang='lat' dir='ltr'>est</span> <span class='ocrx_word' id='word_1_294' title='bbox 1407 2015 1451 2036; x_wconf 87' lang='lat' dir='ltr'>TI.</span> <span class='ocrx_word' id='word_1_295' title='bbox 1503 2001 1541 2035; x_wconf 93' lang='lat' dir='ltr'>id</span> <span class='ocrx_word' id='word_1_296' title='bbox 1572 2003 1628 2036; x_wconf 88' lang='lat' dir='ltr'>est</span> <span class='ocrx_word' id='word_1_297' title='bbox 1663 2003 1749 2046; x_wconf 90' lang='lat' dir='ltr'>quid</span> <span class='ocrx_word' id='word_1_298' title='bbox 1785 2003 1831 2036; x_wconf 82' lang='lat' dir='ltr'>ad</span> 
     </span>
     <span class='ocr_line' id='line_1_30' title="bbox 137 2054 1830 2104; baseline -0.002 -11"><span class='ocrx_word' id='word_1_299' title='bbox 137 2070 247 2103; x_wconf 86' lang='lat' dir='ltr'>quam</span> <span class='ocrx_word' id='word_1_300' title='bbox 272 2059 602 2104; x_wconf 86' lang='lat' dir='ltr'>interrogationem</span> <span class='ocrx_word' id='word_1_301' title='bbox 628 2059 794 2093; x_wconf 79' lang='lat' dir='ltr'>redditur</span> <span class='ocrx_word' id='word_1_302' title='bbox 821 2070 924 2093; x_wconf 73' lang='grc' dir='ltr'>εΚτῐΑ</span> <span class='ocrx_word' id='word_1_303' title='bbox 949 2057 987 2091; x_wconf 90' lang='lat' dir='ltr'>id</span> <span class='ocrx_word' id='word_1_304' title='bbox 1014 2058 1069 2091; x_wconf 88' lang='lat' dir='ltr'>est</span> <span class='ocrx_word' id='word_1_305' title='bbox 1093 2067 1151 2090; x_wconf 86' lang='lat' dir='ltr'>res</span> <span class='ocrx_word' id='word_1_306' title='bbox 1172 2066 1265 2099; x_wconf 89' lang='lat' dir='ltr'>quae</span> <span class='ocrx_word' id='word_1_307' title='bbox 1286 2054 1396 2088; x_wconf 85' lang='lat' dir='ltr'>titulo</span> <span class='ocrx_word' id='word_1_308' title='bbox 1423 2054 1539 2098; x_wconf 89' lang='lat' dir='ltr'>ipsius</span> <span class='ocrx_word' id='word_1_309' title='bbox 1566 2056 1684 2099; x_wconf 87' lang='lat' dir='ltr'>operis</span> <span class='ocrx_word' id='word_1_310' title='bbox 1711 2056 1830 2090; x_wconf 80' lang='lat' dir='ltr'>decla-</span> 
     </span>
     <span class='ocr_line' id='line_1_31' title="bbox 136 2107 1831 2157; baseline -0.003 -11"><span class='ocrx_word' id='word_1_311' title='bbox 136 2113 249 2147; x_wconf 85' lang='lat' dir='ltr'>ratur.</span> <span class='ocrx_word' id='word_1_312' title='bbox 278 2111 433 2157; x_wconf 84' lang='lat' dir='ltr'>Scripsit</span> <span class='ocrx_word' id='word_1_313' title='bbox 459 2112 556 2147; x_wconf 90' lang='lat' dir='ltr'>enim</span> <span class='ocrx_word' id='word_1_314' title='bbox 582 2112 696 2146; x_wconf 90' lang='lat' dir='ltr'>libros</span> <span class='ocrx_word' id='word_1_315' title='bbox 725 2111 891 2147; x_wconf 74' lang='lat' dir='ltr'>aeneidfi.</span> <span class='ocrx_word' id='word_1_316' title='bbox 937 2110 997 2155; x_wconf 85' lang='lat' dir='ltr'>qui</span> <span class='ocrx_word' id='word_1_317' title='bbox 1024 2109 1155 2144; x_wconf 86' lang='lat' dir='ltr'>titulus</span> <span class='ocrx_word' id='word_1_318' title='bbox 1177 2120 1199 2142; x_wconf 89' lang='lat' dir='ltr'>a</span> <span class='ocrx_word' id='word_1_319' title='bbox 1219 2107 1396 2142; x_wconf 86' lang='lat' dir='ltr'>feminino</span> <span class='ocrx_word' id='word_1_320' title='bbox 1417 2107 1673 2152; x_wconf 89' lang='lat' dir='ltr'>patronomico</span> <span class='ocrx_word' id='word_1_321' title='bbox 1699 2108 1831 2142; x_wconf 77' lang='lat' dir='ltr'>forma-</span> 
     </span>
     <span class='ocr_line' id='line_1_32' title="bbox 136 2160 1831 2209; baseline -0.002 -11"><span class='ocrx_word' id='word_1_322' title='bbox 136 2166 207 2199; x_wconf 87' lang='lat' dir='ltr'>tur.</span> <span class='ocrx_word' id='word_1_323' title='bbox 251 2165 297 2200; x_wconf 84' lang='lat' dir='ltr'>ab</span> <span class='ocrx_word' id='word_1_324' title='bbox 324 2176 438 2200; x_wconf 85' lang='lat' dir='ltr'>aenea</span> <span class='ocrx_word' id='word_1_325' title='bbox 465 2166 561 2200; x_wconf 87' lang='lat' dir='ltr'>enim</span> <span class='ocrx_word' id='word_1_326' title='bbox 586 2164 804 2200; x_wconf 88' lang='lat' dir='ltr'>femininum</span> <span class='ocrx_word' id='word_1_327' title='bbox 829 2163 1131 2209; x_wconf 82' lang='lat' dir='ltr'>patronomicum</span> <span class='ocrx_word' id='word_1_328' title='bbox 1166 2163 1234 2197; x_wconf 87' lang='lat' dir='ltr'>est.</span> <span class='ocrx_word' id='word_1_329' title='bbox 1278 2160 1377 2195; x_wconf 87' lang='lat' dir='ltr'>eneis</span> <span class='ocrx_word' id='word_1_330' title='bbox 1411 2160 1505 2195; x_wconf 89' lang='lat' dir='ltr'>sicut</span> <span class='ocrx_word' id='word_1_331' title='bbox 1540 2173 1561 2195; x_wconf 85' lang='lat' dir='ltr'>a</span> <span class='ocrx_word' id='word_1_332' title='bbox 1592 2162 1719 2196; x_wconf 85' lang='lat' dir='ltr'>theseo</span> <span class='ocrx_word' id='word_1_333' title='bbox 1752 2162 1831 2196; x_wconf 89' lang='lat' dir='ltr'>the-</span> 
     </span>
     <span class='ocr_line' id='line_1_33' title="bbox 138 2213 1829 2261; baseline -0.002 -9"><span class='ocrx_word' id='word_1_334' title='bbox 138 2217 220 2252; x_wconf 78' lang='lat' dir='ltr'>seis.</span> <span class='ocrx_word' id='word_1_335' title='bbox 265 2217 350 2252; x_wconf 88' lang='lat' dir='ltr'>inde</span> <span class='ocrx_word' id='word_1_336' title='bbox 388 2217 474 2252; x_wconf 83' lang='lat' dir='ltr'>libri</span> <span class='ocrx_word' id='word_1_337' title='bbox 512 2218 683 2253; x_wconf 88' lang='lat' dir='ltr'>eneidum</span> <span class='ocrx_word' id='word_1_338' title='bbox 722 2228 796 2252; x_wconf 90' lang='lat' dir='ltr'>non</span> <span class='ocrx_word' id='word_1_339' title='bbox 832 2219 875 2252; x_wconf 90' lang='lat' dir='ltr'>ut</span> <span class='ocrx_word' id='word_1_340' title='bbox 911 2217 1004 2251; x_wconf 80' lang='lat' dir='ltr'>falso</span> <span class='ocrx_word' id='word_1_341' title='bbox 1044 2215 1194 2261; x_wconf 89' lang='lat' dir='ltr'>quidam</span> <span class='ocrx_word' id='word_1_342' title='bbox 1228 2213 1372 2248; x_wconf 87' lang='lat' dir='ltr'>codices</span> <span class='ocrx_word' id='word_1_343' title='bbox 1403 2214 1544 2248; x_wconf 89' lang='lat' dir='ltr'>habent</span> <span class='ocrx_word' id='word_1_344' title='bbox 1580 2213 1829 2249; x_wconf 88' lang='lat' dir='ltr'>aeneidorum.</span> 
     </span>
     <span class='ocr_line' id='line_1_34' title="bbox 139 2267 1831 2315; baseline -0.002 -10"><span class='ocrx_word' id='word_1_345' title='bbox 139 2270 266 2305; x_wconf 90' lang='lat' dir='ltr'>Tertia</span> <span class='ocrx_word' id='word_1_346' title='bbox 289 2270 465 2315; x_wconf 87' lang='lat' dir='ltr'>periocha</span> <span class='ocrx_word' id='word_1_347' title='bbox 491 2273 547 2305; x_wconf 86' lang='lat' dir='ltr'>est</span> <span class='ocrx_word' id='word_1_348' title='bbox 573 2283 681 2305; x_wconf 74' lang='grc' dir='ltr'>ΔῙΛΤῙ.</span> <span class='ocrx_word' id='word_1_349' title='bbox 733 2270 771 2304; x_wconf 90' lang='lat' dir='ltr'>id</span> <span class='ocrx_word' id='word_1_350' title='bbox 798 2271 854 2304; x_wconf 86' lang='lat' dir='ltr'>est</span> <span class='ocrx_word' id='word_1_351' title='bbox 880 2281 953 2304; x_wconf 91' lang='lat' dir='ltr'>cur.</span> <span class='ocrx_word' id='word_1_352' title='bbox 981 2268 1248 2313; x_wconf 85' lang='lat' dir='ltr'>respondetur.</span> <span class='ocrx_word' id='word_1_353' title='bbox 1271 2268 1308 2301; x_wconf 86' lang='lat' dir='ltr'>et</span> <span class='ocrx_word' id='word_1_354' title='bbox 1329 2295 1335 2301; x_wconf 96' lang='lat'>.</span> <span class='ocrx_word' id='word_1_355' title='bbox 1357 2277 1512 2312; x_wconf 84' lang='lat' dir='ltr'>pragma</span> <span class='ocrx_word' id='word_1_356' title='bbox 1539 2295 1545 2301; x_wconf 90' lang='lat'>.</span> <span class='ocrx_word' id='word_1_357' title='bbox 1574 2267 1613 2301; x_wconf 90' lang='lat' dir='ltr'>id</span> <span class='ocrx_word' id='word_1_358' title='bbox 1641 2269 1696 2302; x_wconf 89' lang='lat' dir='ltr'>est</span> <span class='ocrx_word' id='word_1_359' title='bbox 1722 2278 1831 2302; x_wconf 84' lang='lat' dir='ltr'>causa</span> 
     </span>
     <span class='ocr_line' id='line_1_35' title="bbox 138 2320 1831 2368; baseline -0.002 -10"><span class='ocrx_word' id='word_1_360' title='bbox 138 2335 249 2367; x_wconf 83' lang='lat' dir='ltr'>quare</span> <span class='ocrx_word' id='word_1_361' title='bbox 277 2323 474 2368; x_wconf 87' lang='lat' dir='ltr'>scripserit.</span> <span class='ocrx_word' id='word_1_362' title='bbox 514 2324 601 2368; x_wconf 85' lang='lat' dir='ltr'>quia</span> <span class='ocrx_word' id='word_1_363' title='bbox 626 2323 803 2358; x_wconf 85' lang='lat' dir='ltr'>uidelicet</span> <span class='ocrx_word' id='word_1_364' title='bbox 828 2322 978 2357; x_wconf 87' lang='lat' dir='ltr'>laudare</span> <span class='ocrx_word' id='word_1_365' title='bbox 1009 2321 1162 2356; x_wconf 88' lang='lat' dir='ltr'>uolebat</span> <span class='ocrx_word' id='word_1_366' title='bbox 1197 2321 1406 2365; x_wconf 85' lang='lat' dir='ltr'>augustum.</span> <span class='ocrx_word' id='word_1_367' title='bbox 1452 2320 1554 2353; x_wconf 87' lang='grc'>0111115</span> <span class='ocrx_word' id='word_1_368' title='bbox 1581 2320 1698 2355; x_wconf 87' lang='lat' dir='ltr'>multa</span> <span class='ocrx_word' id='word_1_369' title='bbox 1723 2320 1831 2355; x_wconf 90' lang='lat' dir='ltr'>bene-</span> 
     </span>
     <span class='ocr_line' id='line_1_36' title="bbox 138 2373 1831 2419; baseline -0.001 -11"><span class='ocrx_word' id='word_1_370' title='bbox 138 2374 222 2410; x_wconf 86' lang='lat' dir='ltr'>ficia</span> <span class='ocrx_word' id='word_1_371' title='bbox 246 2374 368 2410; x_wconf 82' lang='lat' dir='ltr'>fuerat</span> <span class='ocrx_word' id='word_1_372' title='bbox 400 2378 627 2412; x_wconf 88' lang='lat' dir='ltr'>consecutus.</span> <span class='ocrx_word' id='word_1_373' title='bbox 672 2375 878 2411; x_wconf 85' lang='lat' dir='ltr'>describere</span> <span class='ocrx_word' id='word_1_374' title='bbox 911 2375 1023 2410; x_wconf 87' lang='lat' dir='ltr'>etiam</span> <span class='ocrx_word' id='word_1_375' title='bbox 1055 2375 1160 2419; x_wconf 89' lang='lat' dir='ltr'>gesta</span> <span class='ocrx_word' id='word_1_376' title='bbox 1192 2384 1439 2407; x_wconf 88' lang='lat' dir='ltr'>romanorum.</span> <span class='ocrx_word' id='word_1_377' title='bbox 1483 2384 1570 2407; x_wconf 87' lang='lat' dir='ltr'>nam</span> <span class='ocrx_word' id='word_1_378' title='bbox 1603 2373 1716 2417; x_wconf 85' lang='lat' dir='ltr'>siquis</span> <span class='ocrx_word' id='word_1_379' title='bbox 1749 2373 1831 2407; x_wconf 89' lang='lat' dir='ltr'>dili—</span> 
     </span>
     <span class='ocr_line' id='line_1_37' title="bbox 139 2426 1830 2473; baseline -0.001 -11"><span class='ocrx_word' id='word_1_380' title='bbox 139 2429 268 2472; x_wconf 85' lang='lat' dir='ltr'>genter</span> <span class='ocrx_word' id='word_1_381' title='bbox 293 2428 478 2473; x_wconf 87' lang='lat' dir='ltr'>inspiciat.</span> <span class='ocrx_word' id='word_1_382' title='bbox 525 2440 650 2464; x_wconf 91' lang='lat' dir='ltr'>omnes</span> <span class='ocrx_word' id='word_1_383' title='bbox 683 2439 777 2473; x_wconf 89' lang='lat' dir='ltr'>pene</span> <span class='ocrx_word' id='word_1_384' title='bbox 809 2438 979 2462; x_wconf 89' lang='lat' dir='ltr'>romanas</span> <span class='ocrx_word' id='word_1_385' title='bbox 1010 2427 1195 2463; x_wconf 81' lang='lat' dir='ltr'>historias,</span> <span class='ocrx_word' id='word_1_386' title='bbox 1241 2426 1280 2461; x_wconf 89' lang='lat' dir='ltr'>in</span> <span class='ocrx_word' id='word_1_387' title='bbox 1311 2427 1381 2461; x_wconf 92' lang='lat' dir='ltr'>hoc</span> <span class='ocrx_word' id='word_1_388' title='bbox 1408 2437 1517 2471; x_wconf 87' lang='lat' dir='ltr'>opere</span> <span class='ocrx_word' id='word_1_389' title='bbox 1550 2426 1638 2460; x_wconf 86' lang='lat' dir='ltr'>licet</span> <span class='ocrx_word' id='word_1_390' title='bbox 1669 2426 1830 2461; x_wconf 85' lang='lat' dir='ltr'>breviter</span> 
     </span>
     <span class='ocr_line' id='line_1_38' title="bbox 139 2478 1831 2524; baseline -0.001 -9"><span class='ocrx_word' id='word_1_391' title='bbox 139 2482 446 2516; x_wconf 82' lang='lat' dir='ltr'>commemoratas</span> <span class='ocrx_word' id='word_1_392' title='bbox 460 2482 634 2517; x_wconf 87' lang='lat' dir='ltr'>inueniet.</span> <span class='ocrx_word' id='word_1_393' title='bbox 661 2481 820 2516; x_wconf 89' lang='lat' dir='ltr'>maxime</span> <span class='ocrx_word' id='word_1_394' title='bbox 835 2481 873 2515; x_wconf 91' lang='lat' dir='ltr'>in</span> <span class='ocrx_word' id='word_1_395' title='bbox 892 2481 987 2515; x_wconf 87' lang='lat' dir='ltr'>libro</span> <span class='ocrx_word' id='word_1_396' title='bbox 1003 2480 1103 2515; x_wconf 85' lang='lat' dir='ltr'>.V11.</span> <span class='ocrx_word' id='word_1_397' title='bbox 1126 2480 1202 2524; x_wconf 79' lang='lat' dir='ltr'>(sic)</span> <span class='ocrx_word' id='word_1_398' title='bbox 1218 2478 1350 2513; x_wconf 86' lang='lat' dir='ltr'>inferni</span> <span class='ocrx_word' id='word_1_399' title='bbox 1366 2480 1402 2513; x_wconf 93' lang='lat' dir='ltr'>et</span> <span class='ocrx_word' id='word_1_400' title='bbox 1416 2478 1453 2512; x_wconf 88' lang='lat' dir='ltr'>in</span> <span class='ocrx_word' id='word_1_401' title='bbox 1475 2478 1692 2523; x_wconf 83' lang='lat' dir='ltr'>aspidiopia.</span> <span class='ocrx_word' id='word_1_402' title='bbox 1720 2480 1757 2514; x_wconf 90' lang='lat' dir='ltr'>id</span> <span class='ocrx_word' id='word_1_403' title='bbox 1779 2481 1831 2514; x_wconf 81' lang='lat' dir='ltr'>est</span> 
     </span>
     <span class='ocr_line' id='line_1_39' title="bbox 138 2532 1830 2580; baseline -0.001 -13"><span class='ocrx_word' id='word_1_404' title='bbox 138 2533 177 2567; x_wconf 87' lang='lat' dir='ltr'>in</span> <span class='ocrx_word' id='word_1_405' title='bbox 203 2533 298 2568; x_wconf 85' lang='lat' dir='ltr'>scuti</span> <span class='ocrx_word' id='word_1_406' title='bbox 324 2534 476 2569; x_wconf 88' lang='lat' dir='ltr'>factura.</span> <span class='ocrx_word' id='word_1_407' title='bbox 528 2535 632 2570; x_wconf 87' lang='lat' dir='ltr'>Vnde</span> <span class='ocrx_word' id='word_1_408' title='bbox 659 2535 758 2580; x_wconf 89' lang='lat' dir='ltr'>apud</span> <span class='ocrx_word' id='word_1_409' title='bbox 790 2534 962 2578; x_wconf 88' lang='lat' dir='ltr'>antiquos</span> <span class='ocrx_word' id='word_1_410' title='bbox 988 2535 1094 2579; x_wconf 88' lang='lat' dir='ltr'>gesta</span> <span class='ocrx_word' id='word_1_411' title='bbox 1118 2533 1248 2578; x_wconf 88' lang='lat' dir='ltr'>populi</span> <span class='ocrx_word' id='word_1_412' title='bbox 1280 2532 1422 2567; x_wconf 86' lang='lat' dir='ltr'>romani</span> <span class='ocrx_word' id='word_1_413' title='bbox 1453 2532 1524 2566; x_wconf 86' lang='lat' dir='ltr'>iste</span> <span class='ocrx_word' id='word_1_414' title='bbox 1552 2532 1645 2566; x_wconf 84' lang='lat' dir='ltr'>liber</span> <span class='ocrx_word' id='word_1_415' title='bbox 1676 2533 1830 2566; x_wconf 89' lang='lat' dir='ltr'>uocaba-</span> 
     </span>
     <span class='ocr_line' id='line_1_40' title="bbox 137 2585 1831 2632; baseline -0.001 -12"><span class='ocrx_word' id='word_1_416' title='bbox 137 2588 208 2620; x_wconf 90' lang='lat' dir='ltr'>tur.</span> <span class='ocrx_word' id='word_1_417' title='bbox 254 2586 391 2628; x_wconf 79' lang='lat' dir='ltr'>Quarta</span> <span class='ocrx_word' id='word_1_418' title='bbox 415 2587 593 2632; x_wconf 86' lang='lat' dir='ltr'>periocha</span> <span class='ocrx_word' id='word_1_419' title='bbox 619 2589 675 2623; x_wconf 89' lang='lat' dir='ltr'>est</span> <span class='ocrx_word' id='word_1_420' title='bbox 698 2601 777 2622; x_wconf 78' lang='lat' dir='ltr'>noc.</span> <span class='ocrx_word' id='word_1_421' title='bbox 803 2587 841 2621; x_wconf 89' lang='lat' dir='ltr'>id</span> <span class='ocrx_word' id='word_1_422' title='bbox 875 2590 929 2622; x_wconf 85' lang='lat' dir='ltr'>est</span> <span class='ocrx_word' id='word_1_423' title='bbox 961 2586 1168 2632; x_wconf 85' lang='lat' dir='ltr'>quomodo?</span> <span class='ocrx_word' id='word_1_424' title='bbox 1205 2586 1252 2619; x_wconf 88' lang='lat' dir='ltr'>ad</span> <span class='ocrx_word' id='word_1_425' title='bbox 1283 2586 1381 2629; x_wconf 89' lang='lat' dir='ltr'>quod</span> <span class='ocrx_word' id='word_1_426' title='bbox 1411 2585 1579 2619; x_wconf 86' lang='lat' dir='ltr'>redditur</span> <span class='ocrx_word' id='word_1_427' title='bbox 1610 2587 1747 2629; x_wconf 86' lang='lat' dir='ltr'>tropus.</span> <span class='ocrx_word' id='word_1_428' title='bbox 1794 2585 1831 2619; x_wconf 90' lang='lat' dir='ltr'>id</span> 
     </span>
     <span class='ocr_line' id='line_1_41' title="bbox 139 2638 1832 2683; baseline -0.001 -9"><span class='ocrx_word' id='word_1_429' title='bbox 139 2641 196 2674; x_wconf 88' lang='lat' dir='ltr'>est</span> <span class='ocrx_word' id='word_1_430' title='bbox 221 2640 359 2675; x_wconf 89' lang='lat' dir='ltr'>modus.</span> <span class='ocrx_word' id='word_1_431' title='bbox 411 2639 513 2675; x_wconf 89' lang='lat' dir='ltr'>Modi</span> <span class='ocrx_word' id='word_1_432' title='bbox 539 2642 662 2676; x_wconf 88' lang='lat' dir='ltr'>autem</span> <span class='ocrx_word' id='word_1_433' title='bbox 688 2640 917 2676; x_wconf 86' lang='lat' dir='ltr'>locutionum</span> <span class='ocrx_word' id='word_1_434' title='bbox 949 2643 1023 2675; x_wconf 91' lang='lat' dir='ltr'>tres</span> <span class='ocrx_word' id='word_1_435' title='bbox 1059 2641 1153 2675; x_wconf 86' lang='lat' dir='ltr'>sunt.</span> <span class='ocrx_word' id='word_1_436' title='bbox 1199 2639 1352 2673; x_wconf 88' lang='lat' dir='ltr'>humilis</span> <span class='ocrx_word' id='word_1_437' title='bbox 1392 2638 1589 2673; x_wconf 87' lang='lat' dir='ltr'>mediocris</span> <span class='ocrx_word' id='word_1_438' title='bbox 1624 2640 1661 2673; x_wconf 84' lang='lat' dir='ltr'>ct</span> <span class='ocrx_word' id='word_1_439' title='bbox 1685 2638 1832 2683; x_wconf 84' lang='lat' dir='ltr'>grandi-</span> 
     </span>
     <span class='ocr_line' id='line_1_42' title="bbox 138 2691 1832 2738; baseline -0.002 -11"><span class='ocrx_word' id='word_1_440' title='bbox 138 2692 279 2736; x_wconf 82' lang='lat' dir='ltr'>loquus..</span> <span class='ocrx_word' id='word_1_441' title='bbox 319 2704 410 2736; x_wconf 88' lang='lat' dir='ltr'>quos</span> <span class='ocrx_word' id='word_1_442' title='bbox 435 2693 604 2738; x_wconf 87' lang='lat' dir='ltr'>uirgilius</span> <span class='ocrx_word' id='word_1_443' title='bbox 631 2693 668 2727; x_wconf 92' lang='lat' dir='ltr'>in</span> <span class='ocrx_word' id='word_1_444' title='bbox 695 2705 760 2728; x_wconf 89' lang='lat' dir='ltr'>suo</span> <span class='ocrx_word' id='word_1_445' title='bbox 787 2704 896 2738; x_wconf 87' lang='lat' dir='ltr'>opere</span> <span class='ocrx_word' id='word_1_446' title='bbox 923 2693 1052 2728; x_wconf 83' lang='lat' dir='ltr'>tenuit.</span> <span class='ocrx_word' id='word_1_447' title='bbox 1093 2692 1272 2727; x_wconf 91' lang='lat' dir='ltr'>humilem</span> <span class='ocrx_word' id='word_1_448' title='bbox 1305 2693 1342 2726; x_wconf 89' lang='lat' dir='ltr'>in</span> <span class='ocrx_word' id='word_1_449' title='bbox 1380 2691 1569 2726; x_wconf 83' lang='lat' dir='ltr'>bucolicis.</span> <span class='ocrx_word' id='word_1_450' title='bbox 1609 2691 1832 2726; x_wconf 86' lang='lat' dir='ltr'>mediocrem</span> 
     </span>
     <span class='ocr_line' id='line_1_43' title="bbox 138 2743 1831 2790; baseline -0.002 -11"><span class='ocrx_word' id='word_1_451' title='bbox 138 2744 176 2779; x_wconf 89' lang='lat' dir='ltr'>in</span> <span class='ocrx_word' id='word_1_452' title='bbox 202 2745 396 2790; x_wconf 87' lang='lat' dir='ltr'>georgicis.</span> <span class='ocrx_word' id='word_1_453' title='bbox 435 2745 721 2790; x_wconf 85' lang='lat' dir='ltr'>grandiloquum</span> <span class='ocrx_word' id='word_1_454' title='bbox 756 2745 794 2780; x_wconf 86' lang='lat' dir='ltr'>in</span> <span class='ocrx_word' id='word_1_455' title='bbox 826 2745 999 2782; x_wconf 86' lang='lat' dir='ltr'>aeneidis.</span> <span class='ocrx_word' id='word_1_456' title='bbox 1054 2744 1192 2788; x_wconf 80' lang='lat' dir='ltr'>Quinta</span> <span class='ocrx_word' id='word_1_457' title='bbox 1218 2745 1392 2790; x_wconf 85' lang='lat' dir='ltr'>periocha</span> <span class='ocrx_word' id='word_1_458' title='bbox 1425 2746 1481 2779; x_wconf 90' lang='lat' dir='ltr'>est</span> <span class='ocrx_word' id='word_1_459' title='bbox 1508 2758 1585 2778; x_wconf 76' lang='lat' dir='ltr'>nor.</span> <span class='ocrx_word' id='word_1_460' title='bbox 1624 2743 1661 2776; x_wconf 89' lang='lat' dir='ltr'>id</span> <span class='ocrx_word' id='word_1_461' title='bbox 1689 2746 1743 2778; x_wconf 83' lang='lat' dir='ltr'>cst</span> <span class='ocrx_word' id='word_1_462' title='bbox 1769 2743 1831 2777; x_wconf 87' lang='lat' dir='ltr'>ubi</span> 
     </span>
     <span class='ocr_line' id='line_1_44' title="bbox 139 2796 1829 2844; baseline -0.001 -12"><span class='ocrx_word' id='word_1_463' title='bbox 139 2797 382 2842; x_wconf 85' lang='lat' dir='ltr'>respondetur</span> <span class='ocrx_word' id='word_1_464' title='bbox 407 2799 515 2843; x_wconf 88' lang='lat' dir='ltr'>topos</span> <span class='ocrx_word' id='word_1_465' title='bbox 539 2799 600 2833; x_wconf 90' lang='lat' dir='ltr'>uel</span> <span class='ocrx_word' id='word_1_466' title='bbox 626 2799 736 2834; x_wconf 87' lang='lat' dir='ltr'>locus.</span> <span class='ocrx_word' id='word_1_467' title='bbox 781 2800 822 2833; x_wconf 90' lang='lat' dir='ltr'>ut</span> <span class='ocrx_word' id='word_1_468' title='bbox 847 2798 912 2833; x_wconf 89' lang='lat' dir='ltr'>ubi</span> <span class='ocrx_word' id='word_1_469' title='bbox 938 2798 1109 2844; x_wconf 79' lang='lat' dir='ltr'>scripsit?</span> <span class='ocrx_word' id='word_1_470' title='bbox 1135 2798 1271 2843; x_wconf 86' lang='lat' dir='ltr'>partim</span> <span class='ocrx_word' id='word_1_471' title='bbox 1294 2808 1488 2832; x_wconf 86' lang='lat' dir='ltr'>cremonae</span> <span class='ocrx_word' id='word_1_472' title='bbox 1508 2796 1644 2841; x_wconf 87' lang='lat' dir='ltr'>partim</span> <span class='ocrx_word' id='word_1_473' title='bbox 1671 2796 1829 2840; x_wconf 84' lang='lat' dir='ltr'>neapoli.</span> 
     </span>
     <span class='ocr_line' id='line_1_45' title="bbox 138 2849 1831 2896; baseline -0.002 -11"><span class='ocrx_word' id='word_1_474' title='bbox 138 2851 277 2895; x_wconf 84' lang='lat' dir='ltr'>partim</span> <span class='ocrx_word' id='word_1_475' title='bbox 302 2861 413 2886; x_wconf 87' lang='lat' dir='ltr'>rome.</span> <span class='ocrx_word' id='word_1_476' title='bbox 467 2851 578 2886; x_wconf 83' lang='lat' dir='ltr'>Sexta</span> <span class='ocrx_word' id='word_1_477' title='bbox 603 2851 779 2896; x_wconf 87' lang='lat' dir='ltr'>periocha</span> <span class='ocrx_word' id='word_1_478' title='bbox 805 2853 860 2886; x_wconf 88' lang='lat' dir='ltr'>est</span> <span class='ocrx_word' id='word_1_479' title='bbox 885 2863 990 2896; x_wconf 86' lang='lat' dir='ltr'>pope.</span> <span class='ocrx_word' id='word_1_480' title='bbox 1029 2853 1066 2887; x_wconf 91' lang='lat' dir='ltr'>id</span> <span class='ocrx_word' id='word_1_481' title='bbox 1094 2854 1147 2887; x_wconf 87' lang='lat' dir='ltr'>est</span> <span class='ocrx_word' id='word_1_482' title='bbox 1167 2851 1326 2896; x_wconf 89' lang='lat' dir='ltr'>quando.</span> <span class='ocrx_word' id='word_1_483' title='bbox 1367 2851 1413 2885; x_wconf 88' lang='lat' dir='ltr'>ad</span> <span class='ocrx_word' id='word_1_484' title='bbox 1433 2861 1543 2893; x_wconf 79' lang='lat' dir='ltr'>quam</span> <span class='ocrx_word' id='word_1_485' title='bbox 1570 2849 1831 2893; x_wconf 85' lang='lat' dir='ltr'>interrogatio-</span> 
     </span>
     <span class='ocr_line' id='line_1_46' title="bbox 140 2902 1831 2950; baseline -0.002 -12"><span class='ocrx_word' id='word_1_486' title='bbox 140 2915 224 2939; x_wconf 90' lang='lat' dir='ltr'>nem</span> <span class='ocrx_word' id='word_1_487' title='bbox 256 2904 496 2949; x_wconf 86' lang='lat' dir='ltr'>respondetur</span> <span class='ocrx_word' id='word_1_488' title='bbox 527 2905 695 2940; x_wconf 86' lang='lat' dir='ltr'>chronos.</span> <span class='ocrx_word' id='word_1_489' title='bbox 733 2904 771 2939; x_wconf 89' lang='lat' dir='ltr'>id</span> <span class='ocrx_word' id='word_1_490' title='bbox 803 2907 860 2940; x_wconf 87' lang='lat' dir='ltr'>est</span> <span class='ocrx_word' id='word_1_491' title='bbox 891 2909 1046 2950; x_wconf 88' lang='lat' dir='ltr'>tempus.</span> <span class='ocrx_word' id='word_1_492' title='bbox 1098 2905 1183 2939; x_wconf 87' lang='lat' dir='ltr'>Fuit</span> <span class='ocrx_word' id='word_1_493' title='bbox 1217 2906 1340 2939; x_wconf 87' lang='lat' dir='ltr'>autem</span> <span class='ocrx_word' id='word_1_494' title='bbox 1375 2904 1444 2937; x_wconf 88' lang='lat' dir='ltr'>iste</span> <span class='ocrx_word' id='word_1_495' title='bbox 1478 2904 1644 2946; x_wconf 81' lang='lat' dir='ltr'>tempore</span> <span class='ocrx_word' id='word_1_496' title='bbox 1681 2902 1831 2946; x_wconf 81' lang='lat' dir='ltr'>augusti</span> 
     </span>
     <span class='ocr_line' id='line_1_47' title="bbox 141 2954 1830 3002; baseline -0.002 -11"><span class='ocrx_word' id='word_1_497' title='bbox 141 2955 338 2992; x_wconf 82' lang='lat' dir='ltr'>Octauiani.</span> <span class='ocrx_word' id='word_1_498' title='bbox 378 2957 445 2991; x_wconf 88' lang='lat' dir='ltr'>sub</span> <span class='ocrx_word' id='word_1_499' title='bbox 476 2956 556 3002; x_wconf 83' lang='lat' dir='ltr'>ipsa</span> <span class='ocrx_word' id='word_1_500' title='bbox 585 2959 755 3002; x_wconf 86' lang='lat' dir='ltr'>tempora</span> <span class='ocrx_word' id='word_1_501' title='bbox 791 2958 997 2993; x_wconf 85' lang='lat' dir='ltr'>dominicae</span> <span class='ocrx_word' id='word_1_502' title='bbox 1027 2957 1302 2994; x_wconf 83' lang='lat' dir='ltr'>incarnationis.</span> <span class='ocrx_word' id='word_1_503' title='bbox 1360 2955 1527 3000; x_wconf 80' lang='lat' dir='ltr'>Septima</span> <span class='ocrx_word' id='word_1_504' title='bbox 1558 2954 1734 2999; x_wconf 86' lang='lat' dir='ltr'>periocha</span> <span class='ocrx_word' id='word_1_505' title='bbox 1765 2956 1830 2989; x_wconf 87' lang='lat' dir='ltr'>est.</span> 
     </span>
     <span class='ocr_line' id='line_1_48' title="bbox 140 3006 1830 3056; baseline -0.003 -13"><span class='ocrx_word' id='word_1_506' title='bbox 140 3012 262 3055; x_wconf 89' lang='lat' dir='ltr'>paten.</span> <span class='ocrx_word' id='word_1_507' title='bbox 302 3010 340 3044; x_wconf 88' lang='lat' dir='ltr'>id</span> <span class='ocrx_word' id='word_1_508' title='bbox 367 3012 423 3044; x_wconf 86' lang='lat' dir='ltr'>est</span> <span class='ocrx_word' id='word_1_509' title='bbox 448 3010 554 3045; x_wconf 89' lang='lat' dir='ltr'>unde.</span> <span class='ocrx_word' id='word_1_510' title='bbox 594 3010 640 3044; x_wconf 87' lang='lat' dir='ltr'>ad</span> <span class='ocrx_word' id='word_1_511' title='bbox 661 3011 758 3054; x_wconf 86' lang='lat' dir='ltr'>quod</span> <span class='ocrx_word' id='word_1_512' title='bbox 778 3012 1029 3056; x_wconf 85' lang='lat' dir='ltr'>respondetur.</span> <span class='ocrx_word' id='word_1_513' title='bbox 1057 3012 1128 3056; x_wconf 84' lang='lat' dir='ltr'>yle.</span> <span class='ocrx_word' id='word_1_514' title='bbox 1148 3011 1184 3045; x_wconf 92' lang='lat' dir='ltr'>id</span> <span class='ocrx_word' id='word_1_515' title='bbox 1206 3011 1262 3045; x_wconf 86' lang='lat' dir='ltr'>est</span> <span class='ocrx_word' id='word_1_516' title='bbox 1280 3008 1462 3043; x_wconf 85' lang='lat' dir='ltr'>materies.</span> <span class='ocrx_word' id='word_1_517' title='bbox 1503 3008 1544 3041; x_wconf 84' lang='lat' dir='ltr'>ut</span> <span class='ocrx_word' id='word_1_518' title='bbox 1557 3007 1651 3041; x_wconf 86' lang='lat' dir='ltr'>unde</span> <span class='ocrx_word' id='word_1_519' title='bbox 1672 3006 1830 3051; x_wconf 88' lang='lat' dir='ltr'>scripsit.</span> 
     </span>
     <span class='ocr_line' id='line_1_49' title="bbox 140 3059 1829 3106; baseline -0.002 -9"><span class='ocrx_word' id='word_1_520' title='bbox 140 3063 185 3097; x_wconf 86' lang='lat' dir='ltr'>de</span> <span class='ocrx_word' id='word_1_521' title='bbox 212 3062 354 3098; x_wconf 87' lang='lat' dir='ltr'>excidio</span> <span class='ocrx_word' id='word_1_522' title='bbox 381 3061 557 3098; x_wconf 86' lang='lat' dir='ltr'>uidelicet</span> <span class='ocrx_word' id='word_1_523' title='bbox 580 3063 696 3098; x_wconf 86' lang='lat' dir='ltr'>troiae</span> <span class='ocrx_word' id='word_1_524' title='bbox 724 3064 761 3098; x_wconf 87' lang='lat' dir='ltr'>et</span> <span class='ocrx_word' id='word_1_525' title='bbox 786 3064 831 3099; x_wconf 89' lang='lat' dir='ltr'>de</span> <span class='ocrx_word' id='word_1_526' title='bbox 858 3065 1046 3099; x_wconf 87' lang='lat' dir='ltr'>erroribus</span> <span class='ocrx_word' id='word_1_527' title='bbox 1074 3073 1210 3098; x_wconf 86' lang='lat' dir='ltr'>aeneae</span> <span class='ocrx_word' id='word_1_528' title='bbox 1237 3073 1327 3106; x_wconf 85' lang='lat' dir='ltr'>quos</span> <span class='ocrx_word' id='word_1_529' title='bbox 1353 3072 1482 3105; x_wconf 82' lang='lat' dir='ltr'>passus</span> <span class='ocrx_word' id='word_1_530' title='bbox 1509 3061 1565 3094; x_wconf 86' lang='lat' dir='ltr'>est</span> <span class='ocrx_word' id='word_1_531' title='bbox 1589 3059 1703 3094; x_wconf 88' lang='lat' dir='ltr'>donec</span> <span class='ocrx_word' id='word_1_532' title='bbox 1731 3059 1829 3094; x_wconf 86' lang='lat' dir='ltr'>ueni-</span> 
     </span>
     <span class='ocr_line' id='line_1_50' title="bbox 139 3114 467 3150; baseline 0 0"><span class='ocrx_word' id='word_1_533' title='bbox 139 3116 197 3150; x_wconf 88' lang='lat' dir='ltr'>ret</span> <span class='ocrx_word' id='word_1_534' title='bbox 222 3115 268 3150; x_wconf 88' lang='lat' dir='ltr'>ad</span> <span class='ocrx_word' id='word_1_535' title='bbox 292 3114 467 3150; x_wconf 85' lang='lat' dir='ltr'>italiam&#39;.</span> 
     </span>
    </p>
   </div>
  </div>
 </body>
</html>
