2204 3437
544 140 693 203 COMM.
719 167 771 202 IN
795 166 936 201 VERG.
962 164 1072 200 AEN.
1100 165 1161 199 III.
1190 168 1384 199 117—124.
1718 162 1803 203 365

233 278 327 319 120.
377 289 557 320 NIGRAM
590 288 726 318 ΙΠΕΜΙ
752 286 966 317 PECVDEM
992 284 1215 314 ZEPHYRIS
1241 282 1480 312 FELICIBVS
1507 282 1664 311 ALBAM
1691 271 1802 311 bono

112 363 213 390 usus
255 351 320 389 est
361 349 523 401 ordine,
564 350 613 388 ut
648 347 765 401 prius
806 347 1018 387 averteret
1050 343 1180 396 mala,
1226 342 1286 383 sic
1318 341 1567 383 conciliaret
1600 340 1803 394 optanda:

113 421 274 460 frustra
306 419 418 460 enim
450 418 674 473 profutura
705 418 939 472 poscuntur
971 414 1157 455 adversis
1192 412 1479 466 sequentibus.
1658 428 1806 452 NIGRAJI

113 507 233 531 fflfflu
253 491 447 541 PECVDEM']
486 503 585 530 nam
622 492 658 530 et
688 488 869 530 Romani
906 489 1048 527 veteres
1085 485 1165 525 (liis
1205 483 1479 536 asperioribus
1509 481 1805 534 sacrific-abant,

113 573 163 601 ne
192 563 387 602 nocerent.
1833 561 1852 590 5

236 632 328 672 121.
378 642 561 672 PVstn
593 641 757 671 REGNIS
791 639 996 670 CESSISSE
1030 636 1258 667 PATERNIS
1291 639 1376 665 non
1408 623 1511 664 dicit
1543 637 1682 677 quai-e.
1734 621 1806 662 sed

113 702 214 743 talis
245 701 429 742 historia
456 704 537 742 est:
568 700 821 742 Idomeneus
848 701 895 741 cle
918 698 1068 740 semine
1087 695 1352 738 Deucalionis
1377 697 1510 743 natus,
1538 693 1806 734 Cretensium

114 787 206 827 rex,
247 786 341 813 cum
373 773 474 825 post
507 786 697 812 eversam
730 770 902 811 Troiam
935 769 1231 819 reverteretur,
1273 765 1317 805 in
1348 767 1604 818 tempestate
1638 762 1807 803 devovit

115 842 450 884 sacrificaturum
489 856 532 882 se
565 841 615 881 de
647 856 710 894 re,
755 855 862 894 quae
895 840 933 880 ei
967 839 1152 893 primum
1186 835 1451 877 occurrisset.
1514 834 1714 887 contigit,
1758 836 1805 873 ut

114 914 226 955 filius
260 913 349 954 eius
380 913 545 967 primus
579 913 833 952 occurreret:
865 925 990 964 quem
1024 924 1130 962 eum,
1162 910 1210 948 ut
1236 906 1312 947 alii
1338 905 1493 955 dicunt,
1526 904 1808 956 immolasset,
1838 912 1879 941 10

114 988 163 1026 ut
194 984 269 1025 alii
298 997 406 1037 vero,
449 983 671 1024 immolare
702 983 909 1023 voluisset
941 985 978 1022 et
1005 983 1095 1033 post
1125 982 1214 1020 orla
1245 980 1344 1019 esset
1365 976 1617 1030 pestilentia,
1657 990 1681 1015 a
1713 974 1809 1014 civi-

116 1057 194 1097 bus
251 1055 399 1109 pulsus
451 1068 583 1109 regno
647 1053 932 1095 Sallentinum
976 1049 1202 1092 Calabriae
1247 1046 1613 1102 promunctorium
1657 1044 1809 1097 tenuit,

119 1127 240 1168 iuxta
272 1125 383 1180 quod
416 1125 605 1166 condidit
637 1124 868 1176 civitatem,
900 1125 948 1163 ut
981 1121 1122 1175 (400)
1162 1122 1210 1160 et-
1248 1117 1568 1159 Sallentinos
1608 1115 1810 1156 obsedit

116 1197 286 1238 milite
325 1210 528 1249 campos
568 1194 780 1249 Lyctius
819 1193 1129 1234 Idomeneus.
1191 1189 1345 1230 relatio
1385 1202 1486 1242 ergo
1519 1186 1725 1227 historiae
1759 1185 1811 1226 ad

114 1267 374 1311 iniciendum
407 1266 602 1307 Troianis
636 1264 797 1307 Cretam
836 1263 963 1304 eundi
1001 1261 1259 1303 desiderium
1298 1258 1503 1314 pertinet:
1550 1259 1591 1298 et
1628 1271 1672 1297 re
1710 1270 1811 1296 vera
1840 1264 1881 1294 15

116 1338 241 1379 aliter
274 1337 326 1379 ad
357 1337 495 1379 hostis
527 1336 794 1390 provinciam
827 1335 887 1375 ire
919 1348 1007 1375 non
1037 1334 1250 1386 poterant.

236 1410 328 1450 122.
367 1419 607 1450 IDOMENEA
638 1406 759 1448 huius
790 1405 969 1447 nominis
996 1403 1252 1456 paenultima
1282 1400 1454 1454 syllaba,
1486 1403 1639 1440 natura
1671 1398 1811 1450 brevis,

115 1483 254 1521 contra
284 1479 466 1532 reynlam
490 1478 690 1531 producta
722 1480 789 1518 est.
826 1476 897 1517 secl
925 1475 1023 1528 quia
1056 1474 1241 1528 quinque
1275 1471 1462 1512 Graecae
1497 1472 1596 1510 sunt
1627 1469 1812 1523 linguae,

119 1551 307 1604 Aeolica,
338 1549 450 1602 Iaca,
482 1548 651 1602 Dorica,
677 1546 835 1601 Attica,
869 1544 1127 1598 communis,
1159 1543 1258 1584 hinc
1288 1542 1337 1583 fit
1369 1544 1416 1582 ut
1447 1541 1492 1581 in
1523 1554 1606 1581 uno
1639 1539 1811 1580 nomine

116 1621 301 1662 varietas
334 1620 597 1673 inveniatur,
628 1621 676 1660 ut
709 1632 802 1659 ecce
836 1617 879 1657 in
910 1616 991 1657 hoc
1024 1612 1333 1656 eIdomeneus’.
1396 1611 1631 1652 communis
1664 1610 1813 1663 lingua
1839 1618 1883 1647 ‘20

116 1691 222 1733 facit
261 1692 506 1746 genetivum
541 1688 815 1744 Ἰδομενέως,
861 1687 1020 1729 Dorica
1054 1683 1320 1740 Ἰδομενεῦς,
1363 1682 1511 1723 Attica
1546 1678 1811 1735 Ἰ’ὁ“ομένεως,

116 1761 216 1803 Iaca
233 1758 494 1816 Ἰδομενῆος.
540 1761 648 1802 unde
681 1763 744 1801 est
774 1759 843 1800 1110
876 1759 920 1799 111
951 1772 1078 1799 versu
1111 1754 1389 1807 accusativus,
1422 1753 1531 1794 sicut
1563 1755 1604 1793 et
1636 1751 1812 1793 Ilionea.

221 1820 332 1874 '123
384 1843 533 1875 HosTE
565 1831 643 1872 hic.
669 1830 796 1872 multi
828 1829 1082 1882 distingunt.
1203 1836 1417 1867 ADSTARE
1453 1838 1543 1864 esse
1575 1825 1601 1874 †
1621 1822 1694 1863 snb
1725 1822 1812 1862 hoe:

119 1904 232 1958 quod
263 1906 364 1944 tunc
396 1902 623 1957 significat,
656 1900 825 1955 quando
860 1899 910 1940 de
942 1899 1010 1939 his
1043 1897 1258 1952 loquimur
1290 1910 1396 1949 quae
1429 1893 1577 1935 cadere
1609 1907 1695 1934 non
1721 1907 1814 1945 pos-

119 1977 235 2029 sunt,
267 1976 315 2015 ut
347 1974 383 2015 si
414 1973 528 2014 dicas
561 1975 698 2013 terras
733 1971 912 2012 adstare.
963 1973 1000 2010 el
1031 1969 1232 2010 ostendere
1262 1967 1349 2008 vnn
1378 1979 1417 2007 se
1448 1978 1530 2006 non
1562 1967 1702 2005 temere
1733 1976 1814 2004 ere-
1840 1971 1883 2000 25

118 2045 278 2087 didisse.

241 2115 335 2156 124.
387 2132 579 2157 omi-omn
596 2115 642 2156 cle
661 2113 736 2155 hae
753 2113 919 2166 plenius
944 2125 1071 2164 snpra
1093 2110 1206 2164 <72>
1228 2110 1380 2150 (lictum
1405 2110 1472 2149 est.
1593 2122 1818 2151 maumam

126 2203 302 2228 roman-s
335 2187 466 2239 [qnia]
500 2190 546 2228 nt
575 2186 675 2228 allln'
707 2185 756 2239 <I
790 2185 903 2237 224>
936 2196 1067 2224 mare
1097 2181 1372 2223 velivolum.

217 2307 237 2337 6
265 2302 328 2337 sed
353 2302 441 2336 talis
467 2301 621 2336 historia
648 2303 704 2336 est
729 2312 758 2336 e.
786 2312 820 2344 q.
848 2301 892 2345 s.]
920 2311 1032 2333 exscr.
1060 2298 1245 2342 mythogr.
1273 2296 1289 2329 1
1317 2300 1396 2338 195,
1422 2294 1456 2328 11
1482 2298 1549 2328 210

217 2413 236 2443 3
273 2409 474 2453 pascuntur
505 2407 544 2441 F
578 2408 589 2450 ΙΙ
627 2406 864 2450 sequentibus
895 2404 1003 2439 malis
1039 2404 1088 2438 M
1123 2402 1230 2437 malis
1264 2400 1500 2445 sequentibus
1526 2399 1565 2432 E
1598 2400 1625 2440 (t
1652 2398 1816 2432 aduersis

122 2467 236 2500 snpra
262 2456 370 2490 malis
395 2457 460 2499 nze)
487 2457 498 2498 ΙΙ
530 2458 548 2488 7
576 2454 731 2488 historia
756 2452 842 2487 talis
874 2453 921 2486 M
945 2453 956 2496 ΙΙ
988 2455 1007 2486 8
1035 2450 1185 2485 devovit
1210 2449 1279 2483 diis
1305 2449 1411 2492 vulfio
1436 2448 1448 2491 {l
1479 2451 1498 2480 9
1527 2445 1571 2479 de
1599 2457 1642 2479 ea
1667 2456 1704 2479 re
1734 2445 1781 2478 M
1804 2445 1815 2463 ³¹

123 2503 157 2537 ei
183 2514 248 2538 om.
275 2502 314 2536 F
330 2504 342 2547 ΙΙ
360 2503 416 2547 ut]
441 2504 483 2536 ut
509 2501 543 2536 ei
572 2501 619 2534 M
636 2502 647 2545 ΙΙ
669 2505 710 2534 12
739 2499 962 2534 salentinum
986 2498 1073 2532 LH
1095 2497 1336 2531 sallentinum
1361 2499 1449 2529 tunc
1471 2494 1519 2528 M
1535 2494 1547 2537 ΙΙ
1569 2497 1609 2526 13
1637 2494 1692 2537 ut]
1720 2492 1815 2525 uude

124 2552 181 2584 est
206 2550 246 2584 F
273 2550 285 2593 11
319 2554 360 2584 16
387 2550 534 2594 poterat
559 2548 599 2582 F
626 2549 638 2593 ΙΙ
672 2552 712 2582 17
740 2547 847 2581 huius
878 2545 1037 2580 nominis
1065 2574 1071 2580 .
1101 2573 1107 2579 .
1135 2572 1142 2579 .
1170 2544 1233 2578 sed
1259 2543 1346 2587 quia
1371 2543 1411 2576 in
1436 2542 1521 2575 meis
1548 2540 1651 2573 libris
1670 2542 1816 2582 praeter

123 2598 392 2632 Floriacensem
417 2597 556 2639 desunt,
582 2596 765 2630 secleclita
789 2597 875 2628 sunt
901 2606 924 2627 a
949 2593 1141 2637 Stephano.
1168 2593 1180 2636 ΙΙ
1214 2595 1256 2625 18
1281 2590 1410 2634 regula
1437 2588 1476 2622 F
1498 2589 1509 2631 ΙΙ
1540 2592 1580 2621 19
1608 2586 1690 2621 iac-a
1716 2586 1816 2619 LII:

122 2644 245 2679 ionica
271 2643 431 2678 FMEZ
455 2645 466 2688 ΙΙ
492 2642 612 2678 aetica
637 2642 671 2676 L
708 2641 831 2676 antica
856 2641 899 2675 H
920 2642 932 2685 ΙΙ
957 2644 1000 2674 20
1028 2638 1261 2683 Idomeneus]
1289 2637 1500 2671 idomeneos
1528 2634 1567 2668 F
1589 2635 1600 2678 ΙΙ
1626 2645 1655 2668 0.
1682 2634 1704 2667 1.
1731 2633 1754 2666 f.
1781 2645 1814 2676 g.

122 2691 334 2726 idomeneos
366 2690 492 2725 dorica
523 2689 710 2724 idomenes
746 2688 844 2723 atica
875 2688 1113 2722 idomenaeus
1146 2686 1269 2720 ionica
1294 2684 1505 2718 idomeones
1532 2681 1572 2715 F
1625 2692 1653 2715 0.
1681 2680 1703 2713 l.
1730 2680 1754 2713 f.
1781 2692 1814 2722 g.

123 2738 342 2773 idomenetis
375 2737 418 2781 (ti
449 2738 489 2771 in
514 2748 585 2771 ras.
614 2737 638 2780 l)
671 2736 796 2770 dorica
826 2734 1055 2776 idomened—is
1088 2732 1242 2777 atticfya
1273 2731 1486 2765 idomeneus
1517 2729 1599 2762 iaea
1631 2727 1766 2771 (ionica
1792 2728 1816 2767 l)

123 2785 382 2820 idomeneosL
408 2795 437 2818 0.
464 2784 488 2818 l.
514 2783 538 2819 f.
565 2796 600 2828 g.
631 2783 845 2817 idomeneus
878 2782 1004 2817 dorica
1034 2779 1271 2815 idomenedes
1305 2779 1449 2812 anticea
1473 2776 1688 2810 idomeneus
1715 2773 1818 2807 iacca

123 2832 337 2867 idomeneus
364 2832 407 2865 H
446 2842 475 2865 0.
502 2831 525 2865 l.
553 2829 576 2864 f.
603 2842 637 2875 g.
672 2830 884 2864 idomeneos
917 2829 1043 2863 dorica
1074 2826 1290 2862 idomendes
1323 2823 1578 2867 afficalattica
1604 2823 1650 2863 m)
1677 2820 1816 2854 idome-

123 2891 213 2914 neus
235 2880 283 2913 M
307 2879 443 2923 (ionica
467 2878 681 2912 idomeneus
706 2888 807 2921 supr.
834 2887 920 2912 vers.
949 2877 1032 2910 add.
1058 2877 1105 2919 m)
1133 2886 1162 2908 0.
1190 2875 1212 2908 l.
1240 2873 1264 2907 f.
1291 2884 1325 2915 g.
1352 2872 1564 2905 idomeneos
1591 2868 1715 2902 dorica
1740 2867 1815 2901 ido-

124 2926 329 2973 mellsnes‘llss
363 2925 479 2960 attica
503 2924 696 2959 idomenus
722 2923 845 2958 ionica
869 2923 1084 2957 idomeneus
1111 2922 1149 2956 E
1175 2923 1187 2965 ΙΙ
1218 2925 1260 2954 21
1286 2917 1508 2961 Ἰδομενεῦς1
1537 2916 1582 2958 ef.
1609 2915 1750 2949 Ala-ens
1775 2915 1817 2948 (le

125 2974 213 3008 dial.
240 2974 314 3008 dor.
337 2984 375 3017 p.
402 2976 470 3007 237
498 2973 583 3006 adn.
606 2972 719 3016 61122
746 2971 908 3004 ilionaea
935 2969 1063 3014 Ρ1103
1090 2968 1199 3002 multi
1224 2967 1284 3000 hic
1312 2965 1350 2999 F
1366 2967 1377 3009 ΙΙ
1404 2964 1469 2998 sub
1497 2964 1566 2997 hoc
1593 2963 1639 2997 κ’.
1665 2962 1817 3004 sortasse

126 3021 255 3055 adhuc.
290 3020 409 3064 possis
435 3023 467 3054 et
490 3019 671 3062 suspicari
697 3018 745 3051 acl
771 3017 947 3061 sedesque
973 3017 1120 3052 adstare
1146 3014 1295 3048 relictas
1323 3014 1362 3046 ‘in
1383 3012 1573 3055 archetypo
1593 3010 1814 3052 adscriptum

126 3067 237 3109 fnisse
263 3067 286 3101 s.
319 3067 356 3111 (i.
384 3077 414 3101 e.
443 3065 623 3109 ‘seilz‘eet’)
657 3065 702 3100 ab
734 3065 805 3098 hoo
838 3065 891 3098 vel
923 3064 969 3099 ab
994 3065 1111 3098 hoste.
1162 3057 1367 3103 συνεκόοχή
1395 3059 1485 3092 coni.
1514 3057 1559 3091 F.
1587 3056 1782 3091 Selwcllius
1815 3058 1817 3075 ³*

127 3117 172 3147 24
193 3114 289 3156 quod
310 3125 374 3148 om.
396 3113 436 3147 F
451 3114 462 3156 ΙΙ
482 3118 524 3147 27
548 3123 724 3146 noum-em
745 3111 785 3146 F
800 3113 811 3155 ΙΙ
832 3115 874 3145 28
902 3124 1060 3146 vonvnvs·
1089 3109 1127 3143 F
1143 3110 1154 3152 ΙΙ
1173 3107 1374 3142 uclibolum
1402 3105 1441 3139 F
