2204 3437
374 183 425 223 1ss
449 167 452 169 ’
1139 175 1303 210 sERVn

371 304 477 344 quae
511 288 686 342 pietatis
719 300 803 327 non
836 285 968 326 habet
1001 282 1400 325 considerationem.
1450 283 1493 321 et
1523 280 1605 322 hoc
1637 279 1807 334 quidem
1839 278 2068 320 secundum

373 358 539 401 Stoicos
572 357 693 410 dicit,
728 356 819 408 [sed
852 355 1048 407 miratur,
1081 367 1154 394 cur
1191 353 1379 404 tantum]
1418 365 1519 392 nam
1553 349 1754 404 Epicurei
1791 349 1937 390 dicunt
1968 349 2068 390 deos

373 429 560 470 humana
580 428 749 481 penitus
771 440 855 466 non
876 438 1034 466 curare.
1079 422 1322 465 ‘tantaene'
1350 421 1470 476 quasi
1492 420 1744 462 exclamatio
1773 422 1838 460 est
1858 419 2069 472 mirantis,

372 514 461 541 cnm
492 513 539 541 cx
571 500 662 550 ipsa
692 496 931 537 narratione
961 495 1202 535 sententiam
1240 493 1441 534 trahentes
1477 494 1660 532 nostram
1689 503 1909 544 personam
1946 490 2068 530 inter—

326 572 579 624 5ponimus,
616 571 662 608 ut
698 564 913 607 ‘tanton’
944 565 1143 617 placuit
1178 576 1464 605 concurrere
1499 564 1639 602 motu.
1700 574 1784 602 non
1820 560 1927 601 nulli
1959 559 2068 600 ‘tan-

373 639 505 681 taene’
544 639 695 691 Zefflmt,
732 640 781 677 at
815 636 1076 689 interroyatio
1112 635 1167 676 sit
1198 635 1337 687 potius
1374 647 1498 686 qaam
1532 622 1805 673 exclamatio]
1908 641 2067 671 ANIMIS

372 718 684 751 CAELESTIBVS
718 707 781 748 dis
809 706 992 760 superis,
1023 720 1122 746 nam
1151 704 1262 759 apud
1287 704 1446 746 inferos
1480 705 1649 745 constat
1676 716 1766 743 esse
1792 701 2069 756 iracundiam,

371 781 444 821 ubi
478 782 576 821 sunt
607 778 772 820 Furiae.
836 776 1029 818 ‘animis'
1061 789 1151 817 vcro
1182 781 1275 824 τοῖς
1305 779 1480 829 θυμοῖς.

492 851 556 890 12.
606 860 720 890 VRBS
748 859 955 898 ANTIQVA
982 859 1090 888 FVIT
1116 846 1218 888 urbs
1245 846 1356 887 dicta
1382 845 1434 886 ab
1463 845 1583 899 orbe,
1611 843 1722 898 quod
1749 843 1950 897 antiquae
1971 843 2070 884 civi-

305 930 346 960 10
372 924 484 962 tates
517 921 562 961 in
593 920 741 961 orbem
783 919 961 972 fiebant3
1002 917 1070 958 vel
1111 917 1163 958 ab
1205 931 1328 970 urvo,
1368 918 1491 969 parte
1533 915 1684 968 aratri,
1725 928 1808 968 quo
1849 913 1960 954 muri
2001 913 2069 955 de-

373 991 663 1045 signabantur.
726 992 768 1030 et
807 987 1027 1042 ‘antiqua’
1067 989 1210 1028 autem
1250 989 1293 1027 et
1331 984 1454 1026 ‘fuit'
1494 985 1601 1026 bene
1642 983 1768 1038 dixit,
1806 998 1987 1038 namque
2027 988 2070 1025 et

373 1064 470 1103 ante
503 1060 780 1115 septuaginta
811 1073 944 1101 annos
976 1057 1095 1099 urbis
1123 1057 1285 1099 Romae
1313 1056 1483 1098 condita
1510 1058 1618 1110 erat,
1651 1058 1694 1096 et
1727 1070 1821 1096 eam
1854 1054 2070 1096 deleverat

373 1130 514 1186 Scipio
556 1131 837 1172 Aemilianus.
905 1144 1013 1184 quae
1055 1131 1197 1170 autem
1240 1141 1350 1169 nunc
1393 1129 1458 1168 est
1497 1129 1650 1180 postea
1690 1141 1714 1167 a
1754 1124 1961 1167 Romanis
2004 1127 2070 1165 est

373 1202 564 1243 condita:
608 1202 716 1243 unde
761 1201 982 1255 antiquam
1028 1200 1171 1253 accipe
1219 1201 1262 1240 et
1305 1198 1357 1239 ad
1401 1197 1751 1252 conparationem
1797 1195 1922 1237 istius
1962 1209 2069 1249 quae

304 1282 346 1312 15
371 1287 483 1313 nunc
515 1275 596 1326 est,
628 1274 670 1312 et
700 1271 838 1312 Roma
870 1270 1168 1324 antiquiorem.
1229 1269 1306 1309 alii
1338 1266 1550 1320 ‘avitiqua'
1582 1267 1745 1317 nobilis,
1778 1265 1901 1318 ‘fait'
1933 1269 2069 1306 autem

364 1357 444 1395 pro
482 1341 609 1383 ‘crat’
648 1342 863 1395 accipiimt.
990 1352 1118 1381 TYRII
1158 1350 1371 1380 TENVERE
1410 1349 1583 1380 COLONI
1629 1336 1749 1378 deest
1788 1335 1973 1391 tquam’,
2010 1336 2070 1376 ‘cel

371 1416 418 1453 ut
447 1413 523 1453 alii
552 1413 692 1454 volant
724 1410 893 1452 ‘haiic'.·
934 1412 1082 1452 amant
1111 1423 1295 1463 namque
1328 1407 1493 1462 antiqui
1531 1422 1607 1461 per
1645 1407 1899 1461 epexegesin
1930 1406 2069 1447 dicere

374 1483 483 1538 quod
532 1497 610 1524 nos
660 1482 918 1537 interposito
968 1481 1221 1535 pronomine
1271 1479 1560 1533 exprimimus.
1640 1477 1744 1519 item
1795 1480 1879 1518 est
1929 1478 2068 1519 locus

468 1603 488 1632 5
514 1599 661 1644 tanton]
691 1602 731 1633 A.
758 1598 826 1632 XII
853 1602 919 1632 503
945 1599 956 1642 ΙΙ
982 1601 1002 1631 9
1028 1597 1115 1631 urbs
1143 1625 1149 1632 .
1172 1624 1178 1630 .
1201 1624 1208 1631 .
1236 1594 1515 1640 designabatur]
1543 1604 1656 1628 exscr.
1683 1593 1767 1627 Isid.
1795 1604 1843 1628 or.
1871 1592 1938 1626 XV
1964 1597 1996 1636 2,
2019 1596 2038 1626 3
2060 1615 2061 1618 =

376 1650 416 1679 12
444 1647 481 1680 et
507 1657 587 1680 eam
617 1674 623 1680 .
652 1673 658 1679 .
688 1674 694 1681 .
722 1645 887 1690 condita]
916 1655 1028 1679 exscr.
1055 1643 1140 1679 Isid.
1169 1654 1218 1679 or.
1246 1642 1312 1676 XV
1340 1647 1370 1685 1,
1398 1646 1441 1676 30
1466 1643 1478 1685 ΙΙ
1507 1645 1547 1675 18
1574 1643 1627 1675 est
1653 1640 1770 1686 locus]
1798 1640 1839 1675 A.
1866 1641 1879 1673 I
1908 1644 1975 1674 530

467 1756 487 1785 2
521 1751 584 1786 sed
609 1751 765 1786 miratur
798 1761 861 1784 cur
891 1751 1038 1784 tantum
1063 1749 1201 1784 seclusi.
1250 1748 1402 1791 fortasse
1427 1746 1576 1782 Servius
1599 1746 1746 1790 scripsit
1771 1747 1809 1780 et
1832 1745 1893 1779 hic
1919 1745 2069 1789 quidem

375 1799 574 1833 secundum
601 1798 745 1833 Stoicos
772 1797 863 1832 dicit
887 1797 997 1832 irasci
1022 1797 1208 1831 Iunonem.
1248 1795 1293 1838 cf.
1315 1795 1363 1829 ad
1381 1794 1472 1829 Aen.
1494 1794 1509 1827 I
1531 1797 1608 1828 227.
1649 1796 1799 1827 ceterum
1824 1803 1903 1827 cum
1927 1794 2070 1827 tantam

369 1857 440 1889 pro
465 1847 611 1879 tantum
632 1846 805 1889 praebeat
826 1844 870 1886 C,
895 1846 1002 1878 tanta
1026 1844 1173 1887 scripsit
1191 1842 1371 1886 Berykius
1389 1842 1402 1885 ΙΙ
1421 1846 1440 1875 3
1469 1840 1612 1886 curare]
1642 1841 1786 1874 curaret
1809 1839 1845 1873 B
1883 1850 2006 1874 creare
2034 1840 2072 1874 et

377 1892 406 1926 C
441 1894 580 1935 (curare
608 1891 665 1935 0³)
697 1893 709 1936 ΙΙ
745 1892 919 1926 tantaene
952 1891 1127 1925 BKLH
1133 1891 1179 1924 M
1188 1889 1233 1924 0³
1266 1890 1420 1923 tantaen
1453 1888 1483 1922 0
1524 1887 1702 1922 Tantaen⁷
1734 1887 1930 1931 Remi-ius,
1960 1897 2070 1930 neque

375 1940 525 1973 clabiam
556 1942 621 1981 est,
654 1940 744 1983 quin
775 1942 900 1973 auctor
933 1949 1054 1972 eoram
1080 1949 1170 1981 quac
1194 1937 1236 1970 in
1263 1935 1293 1970 G
1314 1939 1345 1970 et
1374 1936 1410 1969 P
1434 1935 1620 1969 Servianis
1645 1935 1774 1968 addita
1798 1937 1882 1968 sant
1906 1933 2069 1968 tantaen'

375 1987 476 2030 apud
503 1986 699 2030 Veryiliam
720 1986 789 2030 leyi
807 1986 980 2026 voluerit;
1004 1985 1064 2019 sed
1084 1984 1208 2018 Servio
1228 1984 1302 2027 ipsi
1325 1984 1504 2017 tantaene
1523 1982 1706 2025 placuisse
1729 1981 1881 2015 videtur.
1902 1982 1913 2025 ss
1940 1985 1959 2015 5
1981 1991 2069 2014 non-

375 2033 467 2066 nulli
494 2033 555 2067 0²:
587 2032 726 2067 nonnul
753 2031 784 2066 Ο
804 2033 815 2076 ΙΙ
842 2033 1017 2066 tantaene
1046 2031 1106 2065 02:
1138 2031 1292 2065 tantaen
1319 2030 1349 2064 O
1372 2031 1383 2074 ΙΙ
1415 2034 1434 2064 6
1462 2028 1697 2073 exclamatio]
1729 2027 1917 2072 responsio
1943 2038 2069 2061 musae

375 2080 435 2114 uel
462 2080 552 2114 deae
579 2081 724 2123 primas
749 2080 895 2114 addidit
920 2079 1073 2120 Daniel,
1106 2089 1196 2122 qaae
1226 2078 1343 2112 ‘nescio
1375 2077 1471 2110 unde
1496 2077 1614 2120 petita
1644 2075 1719 2108 sint
1748 2076 1760 2119 Η
1793 2079 1811 2109 7
1838 2087 2069 2109 cAntnsrmvs

376 2128 499 2161 autem
521 2127 550 2161 (J
566 2127 578 2170 ΙΙ
598 2126 738 2171 superis
760 2126 823 2170 qui
849 2126 1016 2160 omnibus
1041 2124 1379 2169 perturbationibus
1406 2134 1529 2157 carere
1556 2122 1824 2157 consueuerunt
1842 2121 2041 2156 Fabricius
2060 2121 2068 2153 ’ἶ

1423 2183 1440 2208 †
1458 2189 1577 2213 megera

375 2225 395 2255 8
415 2220 479 2256 ubi
499 2222 584 2255 sunt
602 2220 720 2254 furiae
740 2219 872 2255 KCL:
899 2219 962 2253 ubi
989 2220 1025 2253 et
1051 2218 1161 2253 erinis
1188 2219 1226 2252 et
1245 2218 1380 2252 allecto
1406 2218 1421 2249 1
1448 2216 1583 2251 cimera
1609 2217 1665 2250 est
1682 2216 1718 2249 B
1755 2215 1818 2250 ubi
1843 2215 1929 2249 sunt
1953 2213 2068 2248 furiae

1837 2276 1866 2299 et
1884 2274 1946 2298 irae

375 2314 484 2349 aliter
516 2315 554 2348 ct
586 2312 678 2347 erini
709 2314 747 2347 et
778 2312 912 2347 allecto
938 2314 955 2344 Ϊ
980 2323 1124 2346 cemera
1156 2313 1212 2346 cst
1237 2312 1281 2345 H
1316 2311 1380 2345 ubi
1406 2312 1443 2345 et
1463 2310 1547 2355 ΝΜ]
1571 2311 1655 2344 sunt
1679 2309 1795 2344 furiae
1822 2310 1860 2342 et
1885 2307 2005 2352 erynis
2031 2308 2068 2341 et

597 2373 631 2397 a†
651 2378 767 2402 megel-a

375 2408 509 2442 allecto
540 2408 583 2440 ut
614 2406 750 2442 cimel-a
781 2408 837 2440 est
870 2406 917 2439 M
959 2407 1011 2447 <et
1041 2405 1116 2439 irae
1149 2409 1183 2440 et
1214 2407 1252 2439 at
1283 2416 1433 2449 meg-era
1457 2406 1505 2448 m)
1548 2403 1611 2438 ubi
1644 2404 1729 2437 sunt
1759 2402 1877 2437 furiae
1911 2403 1948 2436 et
1980 2401 2068 2445 irae,

374 2455 543 2498 Erinnys,
564 2454 695 2488 Alecto
722 2455 758 2487 et
778 2453 949 2496 Megaera
970 2452 1167 2486 Fabricius
1186 2453 1198 2496 ΙΙ
1217 2465 1335 2485 οιΜοιο
1357 2452 1387 2486 C
1402 2452 1414 2495 Η
1433 2455 1452 2485 9
1480 2452 1528 2485 acl
1547 2462 1577 2485 v.
1601 2455 1642 2484 12
1670 2450 1763 2484 Urbs
1789 2448 1956 2493 antiqua]
1983 2448 2069 2482 urbs

375 2502 420 2535 ab
454 2502 541 2535 orbe
574 2501 635 2534 uel
665 2500 711 2533 ab
745 2500 835 2534 urbo
867 2500 972 2543 parte
1005 2500 1127 2533 aratri.
1181 2498 1377 2542 ‘antiqua'
1412 2499 1450 2532 in
1483 2496 1761 2542 comparatione
1793 2497 1948 2538 Romae,
1983 2507 2068 2529 nam

375 2550 459 2582 ante
480 2548 632 2582 Romam
660 2546 846 2581 conditam
867 2546 931 2579 LX
952 2545 1057 2579 annis
1078 2547 1289 2580 constructa
1314 2546 1380 2579 est.
1420 2546 1460 2578 ut
1479 2543 1544 2578 alii
1567 2543 1748 2586 ‘antiqua'
1770 2542 1916 2577 nobilis.
1966 2542 2068 2586 Fuit]

375 2607 440 2639 pro
468 2596 546 2629 erat
571 2595 715 2637 (uerat).
767 2592 866 2636 'sp-ii
892 2594 1041 2626 tenuere
1068 2592 1203 2635 coloni]
1232 2592 1336 2625 deest
1363 2592 1524 2635 ‘quam’;
1552 2601 1710 2634 namque
1737 2589 1881 2633 antiqui
1907 2600 1972 2633 per
1998 2588 2069 2622 efe-

374 2641 524 2685 xegesin
551 2641 672 2675 dicere
701 2669 707 2675 .
735 2669 740 2674 .
771 2667 777 2672 .
806 2639 1066 2683 Carthaginem
1101 2639 1352 2673 condiderunt.
1404 2637 1550 2672 colonia
1575 2639 1632 2672 est
1657 2638 1782 2671 coetus
1809 2637 1962 2680 (caetus)
1990 2664 1996 2670 .
2025 2664 2031 2669 .
2061 2663 2067 2669 .

374 2689 566 2722 munitum.
619 2687 682 2721 alii
709 2686 855 2721 colonia
880 2697 964 2729 pars
991 2685 1127 2719 ciuium
1154 2687 1218 2719 aut
1250 2685 1398 2729 publico
1425 2686 1503 2719 eius
1528 2684 1656 2729 populi
1681 2683 1778 2718 unde
1803 2683 1989 2727 profectus
2015 2683 2071 2715 est

375 2735 538 2770 consilio.
588 2735 658 2769 hae
684 2734 829 2768 colonia
856 2735 911 2767 est
937 2733 1035 2776 quod
1061 2743 1239 2766 consensu
1271 2732 1418 2776 publico
1451 2743 1524 2766 non
1556 2731 1760 2765 secessione
1794 2731 1878 2764 sunt
1911 2728 2068 2764 condite.

378 2783 413 2815 P
429 2784 440 2826 {l
460 2782 560 2816 dicta
585 2783 641 2816 est
668 2781 697 2815 G
725 2782 736 2825 ΙΙ
771 2784 813 2814 10
839 2779 930 2813 urbo
956 2779 1070 2813 BOL
1107 2780 1180 2822 (secl
1205 2779 1252 2813 bo
1277 2780 1317 2813 in
1343 2790 1413 2813 ras.
1441 2780 1466 2822 I)
1504 2778 1594 2812 urbe
1620 2777 1709 2811 KH
1741 2777 1799 2810 uri
1826 2777 1874 2810 M
1910 2787 1931 2810 a
1957 2786 2070 2809 curua

375 2830 553 2871 Gaelfcrb.
577 2829 603 2862 I
638 2827 675 2861 id
702 2829 756 2862 est
783 2827 978 2861 curuatura
1004 2836 1096 2869 quae
1123 2827 1180 2859 est
1204 2825 1241 2858 in
1267 2827 1389 2860 aratro
1413 2836 1588 2869 saper-scr.
1610 2825 1622 2858 l
1640 2826 1651 2868 ΙΙ
1673 2828 1713 2857 11
1735 2834 1894 2867 namque
1921 2824 1958 2857 et
1983 2824 2068 2856 ante

375 2888 438 2911 om.
467 2876 507 2909 Η
531 2877 542 2920 ΙΙ
570 2879 611 2909 12
638 2873 829 2918 sexaginta
855 2873 884 2907 (J
908 2873 1160 2917 (septuaginta
1187 2873 1244 2915 (2¹²⁵)
1271 2872 1344 2906 LX.
1374 2873 1420 2906 M
1444 2874 1455 2916 ΙΙ
1484 2876 1524 2905 13
1553 2871 1668 2915 scipio
1693 2869 1912 2904 aemilianus
1940 2868 1971 2903 O
1995 2869 2070 2912 (sed

375 2935 420 2957 an
454 2924 592 2957 litterae
616 2922 752 2965 erasae)
791 2920 934 2955 emilius
967 2918 1084 2963 scipio
1110 2919 1198 2952 BH
1238 2919 1406 2952 aemilius
1439 2918 1553 2962 scipio
1579 2918 1621 2951 K
1628 2917 1676 2950 M
1716 2916 1868 2951 emelius
1895 2915 2009 2959 scipio
2036 2915 2070 2948 L

376 2969 498 3013 Scipio
525 2968 702 3003 Aemilius
727 2971 810 3002 ante
834 2966 1062 3001 Aemilianus
1088 2976 1105 2999 e
1129 2965 1310 2999 fuldensi·
1335 2966 1491 2999 enotavit
1516 2965 1709 3007 Scioppius
1739 2965 1751 3006 ΙΙ
1784 2967 1825 2997 14
1852 2964 1890 2996 et
1914 2966 1996 2996 ante
2021 2961 2069 2996 ad

376 3020 407 3049 et
439 3020 520 3050 (inte
555 3017 672 3050 ltoma
704 3025 768 3049 om.
796 3014 830 3048 B
861 3015 873 3058 11
907 3016 948 3047 15
975 3012 1108 3057 Roma]
1144 3013 1302 3056 romassss
1325 3012 1354 3046 G
1388 3012 1492 3046 roma
1518 3011 1563 3045 0³
1604 3012 1621 3043 t
1646 3021 1788 3043 romam
1819 3019 1993 3052 superscr.
2020 3009 2032 3042 l
2058 3012 2067 3051 ξ’,

376 3063 561 3105 antiquior
587 3064 641 3096 est
660 3062 693 3094 B
713 3063 725 3105 ΙΙ
746 3065 786 3095 17
809 3059 996 3095 cffexiesin
1018 3060 1066 3093 M
1101 3058 1307 3102 efexegesin
1332 3059 1479 3102 reliqui,
1499 3061 1540 3092 'at
1556 3058 1763 3101 plerumque
1781 3057 1793 3100 ΙΙ
1812 3056 1947 3101 dicere]
1973 3055 2067 3089 indi-

377 3120 459 3143 care
486 3110 566 3143 LH
591 3110 643 3152 (at
670 3108 788 3142 dicere
814 3118 987 3151 super-scr.
1015 3107 1040 3150 2)
1062 3107 1074 3149 u
1095 3109 1136 3140 18
1163 3105 1268 3150 item]
1296 3105 1346 3139 sic
1373 3104 1461 3138 alibi
1489 3105 1518 3138 (J
1554 3105 1596 3138 ut
1620 3103 1711 3136 alibi
1738 3103 1774 3137 P
