2204 3437
386 171 501 206 LXIV
1086 170 1372 206 PRAEFATIO.

386 280 528 334 itaque
577 281 764 322 codicem
815 295 865 322 ex
916 295 998 335 quo
1043 280 1301 321 Turonensis
1345 278 1540 320 fluxisset
1585 279 1815 331 antequam
1858 277 2084 318 Danielina

388 350 563 392 scholia
597 366 692 392 cum
744 349 959 393 Servianis
1008 352 1234 393 coniuncta
1287 353 1429 392 essent
1475 348 1681 402 scriptum
1727 362 1818 389 esse
1863 348 2084 401 opinabar.

387 436 513 475 quani
547 422 791 476 opinionem
830 422 909 463 etsi
943 421 1264 463 Turonensibus
1306 425 1347 462 et
1380 419 1723 462 Floriacensibus
1758 418 1932 460 scholiis
1965 432 2086 459 accu—

386 493 521 534 ratius
554 493 665 534 inter
699 508 742 534 se
776 494 1035 547 comparabis
1070 491 1269 547 abieci¹)‚
1302 491 1405 532 illud
1432 494 1577 532 tamen
1602 504 1689 531 non
1714 489 1882 543 dubito,
1914 489 2014 543 quin
2046 489 2083 530 is

386 563 495 604 liber
528 579 609 618 quo
643 564 911 605 Turonenses
944 564 1201 617 interpretes
1243 563 1309 603 usi
1349 562 1434 603 sint
1465 560 1498 602 F
1503 560 1728 602 loriacensi
1764 574 1852 601 11011
1890 574 1974 600 11110
2013 574 2085 601 no-

386 635 498 676 mine
542 636 829 689 praestantior
874 635 1014 676 fuerit.
1074 634 1186 675 haud
1231 648 1366 687 pauca
1410 632 1523 673 enim
1566 632 1611 672 in
1655 631 1715 671 eis
1760 630 1932 671 scholiis
1977 644 2084 684 quae

386 704 540 746 Daniel
573 720 622 747 ex
659 705 739 747 hoc
778 705 926 760 edidit,
966 720 986 746 e
1024 704 1261 746 Turonensi
1300 719 1425 758 quem
1465 717 1550 743 non
1583 717 1631 743 ea
1670 717 1752 756 qua
1791 701 1973 742 debebat
2010 701 2084 741 ille

387 776 609 830 diligentia
643 776 843 830 contulit,
876 792 899 817 a
933 790 1000 816 1110
1034 780 1075 816 et
1108 774 1332 816 emendata
1365 776 1407 814 et
1440 773 1638 827 suppleta
1671 775 1781 813 sunt.
1837 771 1887 813 cf.
1919 787 1959 825 p.
1985 771 2084 825 479,

390 847 459 901 153
492 847 595 902 488,
628 848 654 888 52
688 850 729 888 et
762 848 805 901 53
839 847 943 901 504,
976 847 1020 901 33
1061 846 1164 899 563,
1203 846 1276 899 253
1315 845 1421 898 564,
1457 844 1527 897 163
1569 844 1672 894 575,
1709 840 1819 898 182)
1877 842 2083 883 scholium

387 917 440 957 ad
474 917 578 958 Aen.
610 917 673 958 III
712 918 796 958 293
839 917 1120 970 adscriptum,
1166 915 1276 969 quod
1322 915 1365 955 in
1406 914 1438 955 F
1443 913 1667 955 loriacensi
1718 916 1766 955 ut
1806 913 1936 954 verba
1976 927 2083 967 quae

386 991 485 1029 sunt
507 990 645 1042 posita
677 992 733 1030 est
764 992 899 1030 autem
1032 990 1182 1029 crescat
1214 984 1429 1026 Servianis
1475 984 1799 1025 adnecterentur
1837 984 2081 1025 mutilatum

386 1062 467 1112 est,
501 1059 765 1100 Turonensis
799 1060 1015 1113 integrum
1061 1057 1244 1099 exhibet.
1300 1056 1351 1097 cf.
1396 1055 1537 1096 adnot.
1577 1055 1669 1096 crit.
1702 1055 1754 1096 ad
1786 1054 1851 1095 III
1882 1055 1952 1108 47,
1986 1054 2084 1109 113,

393 1130 485 1184 151,
518 1131 614 1184 561,
649 1130 751 1183 6443
785 1129 846 1171 IV
879 1130 981 1183 ‘2153
1015 1128 1053 1169 V
1080 1129 1148 1169 43.
1198 1128 1241 1168 in
1277 1126 1440 1168 scholio
1475 1126 1526 1167 ad
1547 1125 1654 1167 Aen.
1674 1125 1737 1167 ΠΙ
1759 1126 1815 1167 60
1837 1124 1895 1179 (p.
1916 1125 2013 1180 347,
2037 1123 2079 1180 1)

388 1200 681 1242 Turonensein
714 1200 785 1255 qui
817 1200 889 1241 hoe
920 1203 976 1241 est
1007 1212 1113 1240 1111113
1144 1199 1312 1239 animus
1345 1212 1376 1237 e.
1410 1212 1448 1251 q.
1475 1211 1505 1238 s.
1540 1195 1728 1248 exhibet,
1762 1196 1880 1251 sequi
1913 1198 1955 1236 et
1981 1198 2080 1237 ante

387 1286 436 1312 ea
468 1272 598 1313 verba
630 1272 787 1312 lemma
819 1271 972 1311 iterare
1005 1269 1142 1310 debui.
1194 1268 1255 1309 IV
1290 1268 1375 1309 200
1408 1267 1464 1322 (p.
1497 1267 1604 1321 499,
1637 1266 1711 1321 522)
1746 1267 1878 1308 verba
1910 1270 1955 1308 ut
1984 1267 2080 1308 diei-

385 1356 476 1383 mus
507 1343 683 1395 quotidie
714 1343 760 1383 ‘m
797 1342 929 1394 officio
961 1354 1041 1382 esse
1080 1355 1186 1395 quae
1224 1338 1496 1380 Burmannus
1530 1337 1634 1379 vidit
1672 1354 1696 1379 a
1736 1337 1969 1379 christiano
2008 1337 2083 1379 ho-

387 1414 499 1454 mine
533 1413 680 1454 addita
713 1426 804 1453 esse
837 1412 881 1452 in
914 1411 1153 1453 Turonensi
1186 1410 1347 1452 omissa
1387 1412 1496 1450 sunt.
1553 1408 1615 1449 IV
1648 1408 1734 1449 564
1765 1407 1837 1450 7206
1870 1441 1878 1448 .
1899 1442 1907 1450 .
1930 1441 1938 1449 .
1963 1422 2083 1461 prae-

385 1484 545 1525 dicabat
590 1498 611 1524 e
656 1482 916 1523 Turonensis
962 1481 1212 1523 testimonio
1259 1481 1310 1523 ad
1356 1495 1404 1521 ea
1448 1479 1580 1521 verba
1626 1479 1834 1533 adscripsi
1878 1478 1931 1520 ad
1976 1493 2082 1532 quae

386 1555 611 1609 pertinent.
668 1554 713 1595 in
745 1553 854 1594 sexti
887 1568 1054 1607 quoque
1089 1556 1130 1594 et
1163 1567 1308 1594 eorum
1347 1551 1418 1606 qui
1459 1552 1695 1605 sequuntur
1727 1550 1937 1591 librorum
1969 1542 2082 1591 00111-

387 1626 605 1667 mentariis
640 1640 689 1666 ex
721 1625 802 1666 hoc
834 1624 944 1665 libro
977 1623 1264 1665 Floriacensis
1293 1626 1335 1664 et
1368 1636 1531 1663 errores
1570 1620 1727 1675 corrigi
1766 1623 1807 1661 et
1838 1620 1983 1661 hiatus
2016 1634 2082 1661 ex-

386 1697 493 1751 pleri
526 1698 737 1751 poterunt.
793 1710 878 1749 qua
918 1695 963 1736 in
994 1710 1039 1736 re
1078 1694 1260 1748 exempli
1299 1708 1427 1735 causa
1460 1706 1746 1734 commemoro
1788 1689 1991 1732 Serviano
2031 1690 2083 1731 ad

388 1768 616 1821 septimum
662 1767 818 1808 librum
863 1765 1168 1807 commentario
1214 1764 1439 1805 Danielem
1485 1777 1534 1804 ex
1578 1777 1660 1803 uno
1695 1761 1932 1803 Turonensi
1977 1761 2082 1802 satis

389 1840 526 1880 multa
559 1839 761 1880 adiecisse
794 1852 931 1892 neque
962 1839 1108 1877 tamen
1135 1835 1278 1877 omnia
1306 1835 1486 1876 edidisse
1513 1848 1619 1888 quae
1647 1833 1735 1874 eius
1768 1832 1941 1886 propria
1973 1835 2084 1886 sunt,

388 1910 519 1951 veluti
552 1910 656 1950 haec
691 1923 797 1963 quae
831 1908 883 1948 ad
915 1908 999 1948 VH
1032 1907 1117 1949 684
1152 1906 1291 1947 ‘dives
1324 1903 1544 1960 Anagnia'
1579 1904 1795 1958 adscripta
1828 1905 1944 1944 sunt:
1992 1902 2084 1956 lefsi-

389 1985 455 2022 tur
487 1984 523 2021 et
553 1981 662 2021 (leves
694 1994 720 2020 α
751 1979 992 2032 quibusdam
1030 1992 1072 2018 00
1109 1977 1216 2030 quod
1247 1977 1291 2017 in
1328 1977 1438 2017 (levio
1475 1976 1530 2016 sit
1557 1975 1709 2028 posita.
1764 1975 1809 2015 in
1846 1973 1990 2027 quibus
2028 1976 2086 2014 est

381 2051 544 2104 probus.
603 2050 714 2104 quod
757 2052 898 2090 autem
941 2049 1209 2089 Turonenses
1254 2046 1512 2100 interpretes
1553 2045 1731 2098 vulgata
1772 2046 1814 2085 et
1855 2042 2085 2085 Danielina

390 2122 553 2163 scholia
598 2122 660 2162 ita
701 2120 950 2175 plerumque
1001 2119 1295 2159 tractaverunt
1337 2116 1458 2171 quasi
1501 2130 1587 2157 non
1631 2115 1683 2156 ab
1731 2114 1878 2155 eodem
1924 2115 2084 2169 scripta

390 2194 532 2232 essent
565 2191 604 2231 id
641 2190 801 2244 duplici
835 2189 997 2230 ratione
1032 2187 1236 2242 explicari
1274 2188 1430 2241 potest.
1486 2186 1628 2240 possis
1667 2185 1780 2226 enim
1814 2183 1951 2225 dicere
1990 2185 2083 2225 bre—

390 2263 498 2304 viori
541 2262 650 2303 libro
695 2261 760 2302 cui
801 2260 937 2302 Servii
980 2274 1136 2300 nomen
1177 2258 1431 2312 inscriptum
1472 2256 1666 2298 viderent
1706 2255 1834 2296 fidem
1876 2254 2084 2296 habentes

390 2333 532 2373 omnia
564 2347 671 2386 quae
703 2332 748 2372 in
781 2346 829 2372 eo
862 2345 951 2372 non
986 2331 1233 2384 legerentur
1266 2328 1461 2372 aliorum⁴
1482 2341 1574 2369 esse
1608 2326 1689 2368 sibi
1720 2325 1995 2381 persuasisse.
2041 2328 2086 2367 at

511 2543 543 2586 1)
575 2542 812 2577 inveniuntur
844 2541 939 2576 enim
974 2539 1234 2575 adnotationes
1273 2550 1366 2583 quae
1401 2550 1482 2572 cum
1525 2549 1568 2572 ex
1601 2537 1785 2573 Servianis
1824 2538 1861 2571 et
1899 2535 2086 2571 additiciis

391 2594 542 2629 scholiis
569 2595 796 2639 compositae
831 2596 903 2629 sint
930 2606 948 2628 e
975 2594 1139 2638 pleniore
1172 2592 1267 2626 libro
1300 2591 1544 2626 Floriacensis
1583 2591 1695 2625 simili
1733 2589 1905 2624 videntur
1943 2590 2084 2634 petitae

391 2659 479 2682 csse.
533 2648 576 2682 cf.
605 2648 729 2683 adnot.
752 2648 831 2682 crit.
859 2647 905 2682 ad
927 2650 1014 2681 Aen.
1037 2647 1085 2680 Ill
1109 2650 1139 2689 1,
1167 2650 1227 2688 54,
1256 2649 1317 2688 60,
1345 2649 1406 2688 61,
1435 2645 1516 2687 67*,
1545 2643 1627 2687 897,
1658 2647 1739 2685 157,
1769 2647 1852 2685 171,
1883 2647 1960 2686 174,
1982 2642 2083 2686 206²&

391 2705 470 2743 244,
498 2700 600 2743 2467,
627 2704 707 2743 249,
735 2704 813 2743 286,
842 2699 930 2735 628*
958 2700 1004 2734 al.
1055 2709 1187 2733 moneo
1220 2699 1345 2732 tamen
1372 2696 1548 2731 Serviana
1574 2708 1668 2740 quae
1695 2696 1751 2730 his
1778 2696 1869 2730 locis
1897 2696 2082 2730 Turonen-

390 2764 445 2787 ses
479 2753 698 2797 interpretes
730 2752 936 2796 receperint
973 2750 1205 2795 paucissimis
1241 2750 1361 2784 verbis
1401 2749 1525 2783 omnia
1560 2749 1749 2784 contineri.
1801 2748 1947 2783 accedit
1984 2748 2084 2793 quod

390 2806 459 2839 hae
494 2806 752 2840 adnotationes
786 2806 933 2849 praeter
966 2815 1025 2838 eas
1058 2814 1149 2847 quas
1176 2803 1352 2837 asterisco
1384 2802 1513 2836 notavi
1551 2802 1605 2837 ita
1644 2802 1879 2846 comparatae
1911 2801 2012 2844 sunt,
2044 2802 2086 2835 ut

393 2858 539 2893 Servius
565 2858 642 2902 ipsc
670 2869 713 2891 ex
739 2858 790 2892 eis
817 2868 881 2891 sua
907 2857 1179 2900 deprompsisse
1207 2855 1323 2890 videri
1355 2855 1482 2899 possit.
1652 2855 1687 2898 2)
1719 2853 1776 2888 his
1809 2854 1917 2897 locis,
1951 2853 2084 2897 quibus

391 2911 595 2946 Turonensi
636 2922 744 2945 verae
787 2910 989 2953 scripturae
1030 2910 1197 2942 servatae
1237 2911 1336 2951 sunt,
1377 2909 1469 2943 alios
1508 2908 1602 2942 addo
1642 2907 1775 2951 quibus
1812 2906 1932 2941 eidem
1959 2906 2085 2949 quiin

390 2963 614 2998 Floriaccnsi
641 2974 780 2998 errores
806 2961 1057 2997 inveniuntur:
1090 2973 1124 3005 p.
1153 2965 1238 3003 334,
1266 2965 1285 2995 6
1319 2962 1440 2995 beluas
1474 2961 1654 3001 marinas3
1686 2971 1720 3003 p.
1749 2963 1834 3003 337,
1861 2964 1903 2993 23
1936 2970 2084 3002 uaccas3

393 3030 425 3061 p.
454 3022 540 3060 347,
570 3021 610 3051 19
639 3019 761 3057 celere3
789 3029 821 3060 p.
850 3020 928 3056 391,
959 3019 975 3048 1
1002 3015 1117 3048 navis.
1170 3013 1311 3056 aliquot
1337 3013 1427 3047 locis
1454 3013 1685 3046 Turonenses
1713 3023 1756 3046 ea
1781 3022 1874 3056 quae
1900 3011 1938 3045 in
1964 3023 2083 3047 exem-

392 3070 487 3113 plari
514 3081 585 3113 quo
612 3069 813 3104 utebantur
840 3068 1013 3112 corrupta
1039 3077 1118 3100 esse
1144 3066 1321 3100 videbant
1347 3065 1564 3109 omiserunt,
1591 3064 1706 3099 veluti
1731 3077 1765 3108 p.
1793 3069 1872 3108 344,
1900 3068 1941 3098 31
1969 3066 2084 3100 altera

464 3152 469 3157 .
498 3123 636 3166 «ipsum,
663 3134 695 3166 p.
725 3125 802 3163 372,
834 3125 874 3155 16
902 3124 932 3155 et
959 3120 1030 3155 deli
1054 3119 1162 3164 quasi
1189 3119 1322 3163 Iabe'm',
1348 3130 1381 3162 p.
1410 3122 1494 3160 491,
1521 3121 1540 3152 6
1566 3118 1821 3161 suspensionis.
