2204 3437
343 944 384 974 10

346 1300 388 1330 15

348 1656 391 1686 20

406 182 489 222 576
1168 179 1326 213 SERVII

524 291 621 331 646.
671 300 940 331 FVRIBVNDA
971 288 1131 330 furenti
1164 287 1329 329 similis.
1378 300 1476 328 sane
1500 287 1668 340 quidam
1692 287 1841 341 volunt,
1876 287 2100 341 Vergilium

405 362 549 414 ubique
589 360 769 402 Didonis
809 363 1018 412 tamquam
1058 359 1293 412 flaminicae
1330 358 1463 410 facere
1503 359 1764 399 mentionem:
1805 360 1918 414 apud
1957 362 2102 400 veteres

406 435 540 474 autem
575 432 831 484 flammicam
868 431 1001 472 scalas
1035 431 1133 484 plus
1171 429 1299 471 tribus
1339 429 1536 483 9radibus
1573 430 1656 470 nisi
1697 428 1877 471 Graecas
1906 428 2102 472 'scandere

406 518 489 546 non
521 504 677 554 licebat,
718 517 767 544 ne
797 502 884 543 ulla
919 516 1025 555 pars
1059 501 1210 555 pedum
1251 501 1336 542 eius
1376 514 1588 541 crurumve
1627 500 1760 542 subter
1800 501 2101 554 conspiceretur,

408 590 526 629 eoque
556 589 625 616 nec
648 574 840 628 pluribus
875 573 1072 628 ⁸aradibus
1108 573 1177 614 sed
1213 572 1357 621 tribus,
1398 574 1444 612 ut
1483 571 1529 612 in
1568 584 1735 612 ascensu
1776 572 1952 624 duplices
1987 572 2104 613 nisus

407 662 488 690 non
512 649 752 701 paterentur
783 645 920 687 eoetolli
950 648 1091 686 vestem
1130 646 1203 684 aut
1233 644 1386 685 nudari
1417 656 1550 684 crura.
1610 657 1710 684 nam
1740 643 1827 684 ideo
1859 646 1895 684 et
1925 642 2104 684 Graecae

408 719 540 761 scalae
570 718 786 771 eliyuntur,
817 718 914 770 quia
946 718 1006 757 ita
1035 716 1307 768 fabricantur,
1338 718 1384 756 ut
1415 715 1527 755 omni
1557 728 1605 756 ca·
1628 717 1750 768 parte
1779 715 2013 767 compayine
2044 717 2105 755 ta-

409 790 600 832 bularum
637 789 799 829 clausae
834 789 934 842 sint,
977 802 1026 828 ne
1064 789 1266 840 aspectum
1304 786 1360 826 ad
1402 785 1580 838 corporis
1622 785 1807 838 aliquam
1839 789 1999 838 partem
2035 786 2104 827 ad-

409 862 585 903 mittant.
646 863 683 901 et
711 860 916 901 sciendum
952 858 1090 911 siquid
1118 857 1380 898 caeremoniis
1410 869 1491 896 non
1521 855 1648 908 fiierit
1678 856 1938 910 observatum,
1962 857 2105 910 piacu-

412 934 496 975 lum
539 931 713 973 admitti.
787 930 850 972 liic
890 933 1024 971 autem
1060 928 1276 982 piaculum
1319 927 1567 981 admittitur,
1611 929 1718 980 quod
1760 928 1850 981 ipsa
1894 926 2005 969 Dido
2047 928 2109 968 ait

413 1004 552 1046 ‘sacra
584 1003 675 1045 Iovi
706 1000 866 1055 Styyio’
899 1004 936 1042 et
965 1000 1146 1052 reliqua:
1184 1012 1284 1040 nam
1315 1001 1352 1039 et
1381 1011 1508 1051 supra
1545 998 1607 1038 ait
1637 997 1781 1052 <493>
1813 996 2013 1052 ‘mayicas
2043 999 2106 1040 in-

411 1073 553 1118 vitam’
587 1078 622 1115 et
646 1074 814 1126 reliqua.
865 1071 935 1113 lioc
965 1085 1056 1112 vero
1083 1071 1164 1111 loco
1182 1070 1348 1123 plenius
1373 1083 1462 1111 eam
1487 1069 1722 1122 flaminicae
1746 1069 1874 1110 ritum
1900 1071 2109 1112 excessisse

413 1147 601 1200 declarat,
632 1145 701 1186 ubi
732 1145 778 1186 de
805 1143 1001 1198 yradibus
1033 1142 1212 1195 loquitur
1242 1141 1376 1182 dicens
1414 1139 1632 1181 ‘interiora
1663 1139 1825 1182 domus'
1863 1143 1900 1181 et
1928 1141 2108 1194 reliqua:

413 1232 538 1271 neque
569 1218 676 1259 enim
701 1219 833 1271 potest
861 1229 942 1257 esse
981 1214 1113 1255 altum
1150 1213 1256 1266 quod
1293 1212 1421 1253 tribus
1459 1214 1617 1253 tantum
1650 1212 1848 1266 yradibus
1885 1213 2109 1254 conscendi-

416 1294 504 1332 tur:
536 1290 642 1330 unde
673 1290 843 1341 apparet
865 1287 1008 1340 plures
1034 1285 1190 1339 yradus
1221 1298 1247 1325 a
1280 1284 1406 1325 tribus
1435 1283 1573 1335 fuisse,
1598 1285 1706 1337 quod
1720 1284 1886 1337 plenius
1911 1285 1957 1326 de
1982 1284 2110 1326 Anna

413 1361 625 1404 subiunxit
656 1359 799 1414 <685>
834 1358 912 1400 ‘sic
943 1357 1068 1409 effata
1095 1357 1250 1410 yradus
1281 1358 1461 1396 evaserat
1484 1354 1622 1396 altos'.

534 1433 631 1474 647.
681 1442 777 1472 NON
809 1442 897 1472 nos
930 1439 1196 1480 QVAESITVM
1234 1438 1389 1468 MVNVS
1428 1438 1476 1467 1N
1513 1437 1623 1468 vsvs
1656 1440 1782 1481 quem
1820 1427 1986 1468 Aeneas
2024 1442 2110 1469 non

417 1505 469 1547 ad
500 1504 613 1545 hunc
654 1517 777 1544 usum
819 1501 1067 1555 reliquerat:
1111 1502 1169 1554 et,
1210 1502 1258 1540 ut
1301 1513 1429 1552 supra
1462 1497 1603 1551 <496>
1637 1497 1839 1553 diximus,
1881 1498 2110 1539 secundum

416 1575 652 1617 Homerum
686 1573 866 1615 vertitur
897 1587 1050 1613 munus
1092 1571 1135 1612 in
1172 1569 1414 1624 perniciem.
1477 1569 1565 1610 tale
1604 1570 1670 1609 est
1706 1568 1750 1609 in
1787 1568 1991 1610 bucolicis
2024 1568 2111 1622 <IX

419 1648 472 1702 6>
505 1647 595 1688 hos
627 1645 727 1699 illi,
760 1643 888 1699 quod
921 1657 1009 1684 nec
1040 1643 1165 1683 bene
1198 1642 1385 1694 vertat,
1417 1639 1671 1681 mittimus
1703 1638 1904 1681 haedos.

536 1718 633 1759 648.
690 1733 829 1759 GVBILE
858 1714 1033 1756 cubandi
1064 1714 1193 1755 locum
1224 1712 1340 1754 dixit.

536 1789 630 1833 649.
670 1800 728 1829 ΕΤ
760 1799 919 1828 MENTE
953 1785 1143 1827 consilio.

538 1861 634 1901 651.
684 1870 899 1908 DEVSQVE
933 1854 1184 1899 SINEBANT‘
1206 1858 1280 1896 aut
1317 1854 1513 1909 Iuppiter
1550 1854 1622 1909 qui
1662 1853 1852 1895 Aeneam
1890 1853 2114 1896 abscedere

420 1931 628 1986 conpulit:
662 1933 736 1971 aut
769 1944 901 1983 amor,
934 1930 1007 1969 aut
1033 1926 1266 1969 necessitas
1300 1926 1391 1967 fati.

541 2002 637 2044 653.
687 2013 786 2042 VIXI
820 2002 993 2042 excusat
1025 1999 1139 2041 vitae
1173 1997 1493 2051 abruptionem,
1526 1997 1625 2050 quia
1663 1996 1767 2038 dicit
1797 1995 1919 2037 Plato
1959 2009 2116 2051 magna

421 2088 560 2129 poena
591 2072 714 2114 adfici
747 2072 911 2113 animas
945 2085 1091 2112 eorum
1124 2069 1197 2124 qui
1229 2069 1364 2110 vitam
1397 2070 1495 2109 ante
1533 2070 1701 2122 tempus
1740 2067 1998 2121 relinquunt.

422 2157 477 2186 ET
506 2156 632 2194 QVEM
659 2155 879 2185 DEDERAT
908 2153 1089 2183 CVRSVM
1116 2152 1335 2182 FORTVNA
1361 2150 1530 2180 PEREGI
1562 2153 1648 2180 non
1675 2141 1840 2192 natura,
1865 2153 1942 2179 nec
1966 2138 2115 2179 fatum.

422 2217 561 2257 tribus
595 2216 706 2257 enim
746 2215 934 2256 humana
973 2213 1062 2254 vita
1101 2212 1361 2253 continetur:
1398 2213 1574 2265 natura,
1612 2210 1677 2251 cui
1716 2209 1829 2251 ultra
1867 2212 2036 2251 centum
2076 2212 2117 2250 et

424 2288 580 2342 viginti
622 2286 872 2328 solstitiales
915 2298 1048 2326 annos
1091 2297 1336 2324 concessum
1380 2296 1465 2323 non
1507 2284 1589 2335 est3
1631 2281 1734 2335 fato,
1775 2281 1842 2323 cui
1882 2280 2120 2336 nonaginta

522 2420 537 2449 1
573 2426 658 2449 sane
692 2414 841 2458 quidam
873 2412 1003 2446 volunt
1029 2422 1058 2446 e.
1085 2423 1118 2454 q.
1146 2411 1190 2456 s.]
1225 2410 1269 2444 cf.
1298 2409 1391 2444 Gell.
1418 2409 1449 2443 X
1479 2413 1532 2452 15,
1559 2413 1602 2444 29
1630 2421 1681 2453 sq.
1714 2411 1726 2453 ΙΙ
1765 2413 1806 2443 17
1839 2419 1947 2453 quem
1976 2410 2118 2443 Aeneas

426 2474 455 2498 e.
483 2475 516 2507 q.
545 2463 588 2508 s]
617 2463 660 2497 cf.
689 2462 779 2496 Don.
807 2461 852 2495 ad
880 2460 962 2494 Ter.
989 2459 1046 2492 ad.
1074 2459 1105 2491 Il
1128 2456 1159 2501 1',
1180 2459 1317 2501 371121
1346 2456 1466 2491 cubile
1494 2456 1652 2491 cubandi
1678 2457 1799 2491 locum
1825 2455 1934 2501 dixit]
1963 2456 2006 2491 cf.
2034 2455 2116 2491 Isid.

425 2522 475 2545 or.
503 2510 568 2544 XV
590 2514 621 2553 3,
643 2514 662 2544 9
690 2509 727 2543 et
754 2509 819 2543 XX
843 2513 895 2551 11,
916 2511 935 2541 2
957 2508 968 2551 ΙΙ
988 2510 1031 2541 28
1058 2505 1174 2540 tribus
1202 2505 1298 2539 enim
1326 2532 1356 2539 ..
1376 2533 1381 2538 .
1409 2515 1452 2539 ex
1479 2504 1582 2550 casu]
1610 2515 1721 2538 exscr.
1750 2503 1931 2548 mythogr.
1953 2503 2004 2538 III
2025 2508 2057 2546 9,
2077 2507 2119 2538 10

524 2634 538 2663 1
567 2640 768 2663 rvmnvxm
794 2625 932 2661 fun-nti
958 2624 1087 2660 similis
1113 2635 1198 2658 sane
1220 2623 1370 2668 quidam
1391 2651 1420 2657 ..
1440 2651 1446 2656 .
1468 2623 1519 2657 sic
1543 2621 1654 2656 effata
1673 2622 1807 2667 gradus
1828 2623 1997 2657 euaserat
2023 2621 2119 2655 altos

427 2678 467 2711 in
492 2688 604 2720 mary.
631 2687 710 2719 sup.
743 2675 799 2718 ΤΙΙ
818 2679 838 2708 2
866 2673 964 2717 apud
991 2674 1133 2707 veteres
1160 2671 1383 2705 flammicam
1410 2699 1417 2705 .
1441 2698 1447 2704 .
1471 2698 1477 2704 .
1505 2671 1673 2704 euaserat
1697 2670 1792 2704 altos
1818 2670 1898 2704 hab.
1925 2668 2088 2703 Ambros.
2118 2668 2120 2707 Ξ

428 2729 447 2758 3
475 2723 614 2768 autem]
643 2724 708 2757 aut
734 2722 772 2756 F
800 2723 811 2766 ΙΙ
841 2722 923 2765 plus
949 2731 1014 2754 om.
1046 2719 1078 2753 T
1101 2720 1112 2763 ΙΙ
1143 2723 1164 2752 4
1189 2718 1314 2752 subter
1339 2729 1404 2752 om.
1430 2717 1555 2751 Anzbr.
1588 2719 1599 2760 ΙΙ
1630 2720 1650 2750 5
1676 2717 1714 2751 in
1739 2728 1804 2751 om.
1832 2716 1871 2750 F
1893 2720 1924 2750 et
1950 2716 2085 2750 Daniel
2117 2713 2121 2760 Ι

2000 2775 2010 2799 1

429 2817 586 2861 duplicis
615 2816 852 2851 Commelinus
872 2816 1016 2859 primus
1034 2815 1046 2857 ΙΙ
1064 2813 1164 2847 nisur
1185 2812 1223 2845 F
1246 2811 1346 2845 uisus
1368 2812 1490 2846 Ambr.
1511 2812 1522 2855 ΙΙ
1543 2816 1562 2844 6
1583 2821 1714 2855 graece
1734 2810 1830 2845 scale
1849 2810 1888 2843 F
1903 2811 1915 2854 ΙΙ
1936 2814 1954 2844 7
1977 2810 2120 2854 etigun-

429 2865 488 2897 tur
513 2864 544 2897 T
566 2864 591 2906 (l
617 2874 791 2907 superscr.
820 2864 895 2897 ead.
924 2866 1052 2904 man.):
1079 2860 1255 2904 cliguntur
1277 2858 1316 2892 F
1351 2858 1521 2893 dicuntur
1546 2859 1670 2893 Ambr.
1692 2862 1723 2892 ct
1743 2858 1878 2892 Daniel
1897 2859 1908 2901 ΙΙ
1928 2868 2034 2891 omne
2055 2857 2094 2890 F
2112 2857 2113 2901 l

431 2923 473 2946 ex
494 2915 592 2945 omni
614 2911 717 2955 parte
739 2911 769 2944 T
783 2911 795 2955 11
816 2915 835 2944 8
857 2910 1018 2953 aliquam
1039 2906 1202 2951 eorporis
1220 2907 1341 2940 Ambr.
1362 2907 1374 2950 ΙΙ
1394 2910 1413 2940 9
1434 2906 1470 2939 in
1493 2905 1708 2940 ceremoniis
1731 2905 1777 2939 M
1778 2905 1934 2939 asvicius
1948 2905 2091 2948 primus
2110 2903 2122 2949 Η

432 2963 471 2992 11
502 2958 569 3003 ait]
599 2959 663 2992 aut
690 2958 754 3001 Fss
774 2957 892 2991 inuita
918 2957 956 2990 F
990 2955 1129 2989 inuicta
1160 2954 1190 2987 T
1204 2955 1216 2998 ΙΙ
1238 2957 1278 2987 12
1305 2954 1379 2987 ritu
1401 2953 1522 2987 Anzbr.
1544 2954 1555 2997 ΙΙ
1578 2957 1618 2987 13
1645 2952 1772 2986 domos
1795 2951 1860 2995 Fss
1881 2955 1923 2985 14
1950 2962 2120 2986 conscen-

431 3006 485 3039 dit
512 3005 577 3049 Fu
599 3008 640 3038 15
669 3017 690 3039 a
715 3008 797 3038 ante
823 3004 939 3039 tribus
966 3014 1031 3037 om.
1059 3002 1182 3036 Ambr.
1210 3004 1241 3034 et
1267 3001 1403 3034 Daniel
1420 3001 1432 3044 ΙΙ
1456 3004 1496 3034 16
1525 2999 1716 3044 subiungit
1740 2998 1862 3033 Ambr.
1883 3000 1895 3042 ΙΙ
1914 2998 2014 3033 efata
2041 3009 2120 3040 gra-

432 3053 496 3086 dos
524 3052 561 3085 F
583 3054 594 3096 Η
626 3056 667 3086 21
696 3053 744 3086 ad
770 3051 888 3086 cubile
915 3062 1012 3095 supr.
1042 3059 1126 3083 vers.
1154 3047 1311 3082 cubandi
1336 3047 1458 3081 locum
1488 3046 1521 3081 T
1546 3047 1558 3091 ΙΙ
1590 3051 1634 3081 26
1660 3045 1913 3090 relinquerunt
1937 3045 1977 3079 F
2012 3044 2120 3080 relin-

432 3102 523 3179 33an
541 3099 590 3179 tH
605 3101 617 3143 ΙΙ
636 3103 689 3179 2171
706 3110 777 3133 non
804 3099 937 3132 natura
962 3108 1027 3131 nec
1054 3096 1170 3130 fatum
1192 3122 1198 3127 .
1216 3124 1222 3130 .
1240 3122 1246 3128 .
1268 3094 1304 3128 id
1325 3097 1382 3128 est
1405 3093 1570 3139 gladium
1596 3094 1674 3138 (sic)
1701 3091 1841 3127 antonii
1867 3093 1908 3127 in
1926 3103 2039 3138 mary.
2064 3090 2122 3136 ΤΙΙ

519 3157 540 3179 a
555 3158 619 3179 nm
