2204 3437
593 237 739 272 COMM.
767 237 817 271 IN
842 235 982 271 VERG.
1010 236 1119 270 AEN.
1147 236 1205 272 IV.
1233 240 1381 273 59-135.
1743 235 1829 276 475

262 346 328 387 61.
379 356 641 387 CANDENTIS
670 345 885 387 candidae:
917 345 1192 399 participium
1220 347 1284 385 est
1310 359 1385 397 pro
1419 345 1599 386 nomine.
1678 356 1827 386 MEDIA

138 428 279 457 INTER
311 427 496 458 CORNVA
534 427 708 457 FVNDIT
748 431 831 458 non
867 419 931 457 est
964 415 1236 469 sacrificium,
1270 415 1341 455 sed
1374 414 1543 456 hostiae
1582 416 1829 470 exploratio,

140 489 282 528 utrum
316 490 418 541 apta
450 486 517 528 sit.

255 557 322 599 62.
373 569 493 598 ANTE
528 568 617 598 ORA
651 568 781 597 DEVM
816 559 913 597 ante
946 556 1186 598 simulacra.
1283 573 1449 598 avains
1472 558 1618 610 plenas
1648 558 1706 598 vel
1737 570 1828 599 san-

136 629 260 681 quine
291 628 503 681 delibutas,
534 631 581 668 ut
611 626 751 680 <201>
786 628 1113 680 pecudumque
1150 640 1316 667 cruore
1347 628 1532 680 pinque
1562 628 1725 668 solum.

138 710 394 740 SPATIATVR
425 710 486 738 AD
520 708 634 738 ARAS
668 700 888 739 matronae
930 697 1042 738 enim
1082 697 1393 738 sacrificaturae
1434 697 1544 738 circa
1583 713 1677 739 aras
1716 698 1829 739 facu—

136 769 202 810 las
233 771 426 810 tenentes
458 767 724 821 ferebantur,
757 768 867 822 quod
900 775 995 809 cum
1029 768 1211 823 quodam
1252 770 1375 822 gestu
1408 768 1558 809 fiebat:
1599 768 1708 809 unde
1742 766 1830 809 Sal-

136 839 291 881 lustius
324 839 518 879 saltare
551 838 844 892 elegantius
877 854 1020 893 quam
1053 853 1257 880 necesse
1294 841 1371 879 est
1402 840 1603 892 probae.
1664 840 1830 891 quidam

133 923 260 963 yemis
289 910 483 961 sacrificii
513 910 729 964 appellant,
761 924 837 962 quo
869 913 1013 951 veteres
1051 924 1142 951 eam
1180 924 1278 951 aras
1315 911 1573 952 circumirent
1615 914 1651 951 et
1687 924 1830 952 rursus

134 995 174 1023 se
216 983 483 1023 converterent
523 983 560 1021 et
608 981 748 1022 deinde
791 982 1064 1027 consisterent,
1113 981 1297 1022 dicebant
1339 982 1611 1023 minusculum
1654 995 1828 1023 sacrmn.

135 1066 190 1094 an
220 1052 291 1093 hoc
322 1053 377 1093 ad
406 1051 704 1104 impatientiam
735 1051 890 1093 amoris
920 1051 1173 1103 ‘referendum
1211 1055 1284 1105 est,
1315 1065 1391 1104 qao
1424 1053 1575 1093 iactata
1606 1051 1716 1092 Dido
1748 1052 1829 1092 loeo

135 1127 244 1165 stare
273 1137 356 1164 non
378 1125 550 1176 poterat,
581 1123 701 1163 &uxta
740 1122 847 1163 illud
876 1122 988 1175 <68>
1023 1121 1174 1163 ς11111111·
1204 1122 1349 1174 infelix
1379 1122 1491 1164 Dido
1523 1126 1679 1175 totaque
1707 1136 1829 1175 vaya-

136 1198 202 1235 tur
234 1194 329 1235 urbe
355 1192 533 1246 ficrens'.

253 1265 320 1306 63.
370 1275 726 1313 msTAVRATQVE
757 1276 872 1305 DIEM
904 1275 1042 1306 Dorus
1077 1265 1342 1319 muneribus,
1384 1279 1496 1319 quae
1528 1267 1601 1305 aut
1633 1264 1696 1305 dis
1730 1264 1827 1305 offe-

136 1336 272 1390 rebat,
305 1339 380 1376 aut
410 1334 599 1377 donabat
631 1334 771 1389 Tyriis
799 1334 865 1376 vel
892 1335 1102 1377 Troianis.
1153 1334 1396 1377 tinstaurat’
1424 1337 1566 1376 autem
1593 1335 1698 1389 ideo,
1732 1335 1831 1389 quia

136 1408 222 1448 iam
255 1421 383 1460 supra
410 1406 734 1460 sacrificaverat,
766 1408 814 1447 ut
848 1405 896 1459 <Ι
923 1406 1035 1460 631>
1069 1406 1222 1447 simul
1255 1407 1457 1448 Aenean
1490 1407 1539 1447 111
1570 1407 1714 1460 regia
1745 1406 1831 1446 du-

137 1478 207 1519 cit
239 1480 395 1531 tecta,
429 1476 581 1518 simul
613 1476 779 1517 divum
819 1477 1028 1531 templis
1068 1477 1258 1519 indicit
1297 1477 1550 1519 honorem.
1610 1490 1707 1518 sam
1746 1477 1830 1529 qui-

136 1550 232 1590 dam
265 1547 410 1590 ‘donis’
445 1548 657 1600 sacrificiis
687 1547 846 1598 vomat,-
879 1562 977 1589 nam
1009 1552 1045 1589 et
1071 1548 1247 1601 ‘templa’
1276 1547 1479 1590 ‘donaria’
1507 1548 1668 1589 abusive
1692 1549 1829 1588 (licem-

138 1623 215 1674 tur,
246 1623 293 1660 ut
323 1623 379 1660 est
407 1620 574 1660 ductos
605 1619 711 1660 alta
742 1619 803 1660 ad
831 1620 1044 1660 donaria
1075 1633 1262 1660 carrus.

255 1691 322 1732 64.
380 1701 567 1731 INHIANS
606 1689 783 1743 intenta,
824 1704 899 1743 per
941 1689 1288 1732 sollicitudinem.
1410 1702 1653 1731 SPIRANTIA
1694 1690 1739 1730 id
1776 1693 1833 1729 est

137 1761 411 1816 palpitantia:
451 1760 573 1816 quasi
612 1760 749 1801 adhuc
787 1760 894 1800 viva.
1016 1778 1201 1803 coxswmr
1230 1779 1325 1803 eximi
1361 1763 1529 1814 proprie
1569 1762 1695 1802 dizit:
1735 1776 1831 1802 ανιι-

136 1834 262 1886 spices
292 1833 400 1874 enim
431 1835 523 1874 exta
554 1831 757 1879 consulere
788 1832 981 1872 (licuntur
1008 1845 1101 1873 cum
1127 1833 1361 1885 iozspicc‘mzt.
1424 1832 1545 1874 ‘exta’
1580 1833 1831 1885 simularem

137 1918 219 1945 non
250 1903 405 1958 habent,
435 1907 481 1944 ut
512 1902 686 1944 earma'.

257 1974 322 2016 65.
382 1986 475 2015 HEV
516 1985 673 2015 VATVM
724 1984 927 2014 IGNARAE
970 1985 1148 2015 MENTEs
1196 1989 1281 2016 non
1328 1974 1567 2016 sacerdotes
1616 1975 1831 2029 vituperat

139 2046 261 2100 quasi
292 2046 458 2087 nescios
487 2046 734 2099 futurorum,
760 2045 831 2086 sed
858 2045 943 2085 vim
973 2045 1156 2086 amantis
1184 2045 1395 2100 exprimit,
1423 2049 1465 2086 et
1492 2046 1587 2086 inde
1615 2046 1831 2101 vituperat
1893 2068 1900 2083 ›

141 2116 397 2170 sacerdotes,
430 2117 501 2170 qui
534 2117 844 2158 admonuerunt
875 2131 959 2158 non
993 2116 1266 2158 credituram:
1304 2131 1405 2158 nam
1444 2117 1588 2157 omnia
1626 2117 1770 2158 futura
1809 2134 1832 2158 a

236 2238 254 2268 7
284 2233 497 2279 Sallustius]
527 2231 604 2267 Cat.
632 2237 687 2275 25,
715 2238 734 2267 2
765 2236 776 2277 ΙΙ
811 2237 852 2267 19
879 2233 1023 2277 ductos]
1051 2244 1174 2278 georg.
1202 2234 1252 2268 Ill
1279 2237 1346 2267 533

240 2345 259 2375 3
286 2342 482 2384 utrumque
509 2340 547 2374 Ι
563 2342 574 2384 u
603 2344 623 2373 4
650 2340 698 2373 ad
723 2340 877 2384 pingues
902 2350 1001 2383 supr.
1029 2351 1114 2375 cera
1142 2342 1289 2374 onustas
1317 2351 1489 2384 pecorum
1516 2340 1729 2384 corporibus
1755 2341 1831 2396 siue

142 2389 318 2432 sanguine
345 2388 574 2422 delibutas!
552 2388 583 2420 Τ
608 2398 712 2429 &onus
699 2388 772 2420 stas
800 2398 972 2430 pecorum
997 2381 1211 2431 corporibus
1242 2388 1318 2422 Tib.
1337 2387 1475 2421 Donati
1494 2391 1592 2432 sant)
1612 2388 1623 2431 ΙΙ
1642 2388 1751 2431 plena
1767 2388 1805 2421 1

142 2439 161 2469 6
183 2434 453 2479 significaturae
476 2435 513 2468 F
529 2436 540 2479 ΙΙ
560 2434 657 2468 circa
684 2445 763 2468 aras
785 2434 995 2478 ...probae
1010 2439 1093 2478 post
1115 2435 1238 2469 furens
1263 2435 1342 2469 hab.
1356 2434 1394 2467 1
1410 2436 1421 2478 ΙΙ
1442 2439 1459 2469 7
1483 2435 1579 2478 quod
1600 2445 1664 2468 om.
1681 2435 1719 2468 J«
1742 2447 1830 2478 quo-

142 2493 296 2526 cumque
312 2482 359 2515 M
383 2482 488 2525 quasi
503 2482 620 2525 Steph.
641 2483 652 2525 ΙΙ
672 2482 796 2526 gestu]
818 2482 959 2525 gestam
976 2482 1013 2514 H
1032 2484 1043 2525 il
1063 2482 1176 2516 fiebat
1200 2493 1264 2516 om.
1282 2482 1308 2515 1
1314 2482 1365 2515 'N
1372 2482 1593 2525 HMsteph.
1614 2483 1626 2526 ΙΙ
1646 2485 1665 2515 8
1693 2482 1830 2526 eligan-

143 2529 217 2563 tius
244 2529 340 2563 HM
357 2530 368 2573 ΙΙ
388 2529 500 2574 probe
526 2529 598 2562 Lm
617 2529 629 2573 ΙΙ
649 2530 696 2562 ad
723 2528 905 2572 spatiatur
930 2530 970 2562 in
995 2540 1106 2573 'mar-q.
1136 2529 1317 2573 spatiatur
1343 2530 1412 2563 hoc
1438 2531 1493 2563 est
1518 2530 1555 2562 in
1582 2529 1703 2573 spatio
1730 2529 1831 2573 longi

142 2576 284 2611 itineris
311 2576 525 2610 obambulat
551 2577 587 2610 id
615 2580 670 2610 est
701 2576 809 2609 eundi
843 2577 880 2609 et
911 2576 1087 2610 redeundi
1119 2579 1217 2611 uices
1250 2576 1489 2611 creberrimas
1522 2581 1702 2620 procurat.
1755 2577 1830 2610 adi-

144 2624 274 2658 ciendo
309 2623 354 2657 ad
386 2634 468 2658 aras
501 2620 815 2658 ostendit‘aream
849 2626 1075 2668 assumptam
1109 2624 1259 2658 deorum
1292 2635 1411 2658 causa.
1464 2624 1540 2658 siue
1573 2624 1754 2667 spatiatur
1785 2624 1831 2658 ad

144 2670 416 2715 impatientiam
443 2670 578 2705 amoris
604 2670 834 2705 referendum
861 2672 917 2704 est
941 2682 1012 2715 quo
1038 2671 1177 2706 iactata
1203 2671 1289 2705 dido
1315 2674 1412 2705 stare
1438 2671 1519 2705 loco
1543 2682 1615 2704 11011
1636 2672 1781 2714 poterat
1803 2671 1834 2704 Τ

143 2718 339 2762 (spatiatur
356 2747 360 2752 .
380 2746 386 2753 .
403 2746 409 2752 .
425 2720 599 2762 procurat
622 2718 760 2752 Tiberii
778 2718 920 2751 Donati
938 2721 1034 2761 sam)
1055 2719 1066 2762 ΙΙ
1085 2718 1233 2762 quidam
1256 2745 1284 2752 ..
1303 2745 1309 2752 .
1330 2718 1453 2751 furens
1479 2718 1557 2752 Ital).
1574 2718 1735 2751 Ambo-os.
1757 2719 1768 2761 Η
1792 2723 1831 2751 10

144 2768 484 2800 reconverterentur
498 2766 544 2806 F,
567 2766 715 2799 correxi.
742 2776 825 2799 011111
846 2767 1114 2799 reverterentur
1128 2766 1289 2800 Ambo-os.
1306 2769 1336 2799 et
1351 2766 1496 2799 Daniel.
1516 2767 1527 2809 ΙΙ
1547 2765 1630 2798 dein
1645 2765 1807 2799 Ama-os.
1823 2774 1824 2801 l

145 2817 184 2846 11
206 2812 505 2857 impetrationem
526 2813 690 2847 Ambros.
710 2813 722 2856 ΙΙ
741 2811 829 2856 (1110]
856 2811 894 2845 111
915 2823 986 2855 (1110
1007 2812 1169 2847 Ambros.
1190 2814 1202 2857 Η
1220 2813 1318 2847 iacta
1340 2812 1378 2845 F
1393 2814 1405 2856 ΙΙ
1427 2816 1466 2846 12
1495 2814 1618 2856 potest
1636 2813 1799 2846 Ambros.

144 2864 188 2894 14
213 2859 404 2894 auferebat
428 2860 470 2893 N
485 2860 497 2903 ΙΙ
518 2864 558 2894 17
586 2859 752 2894 diuinum
778 2859 818 2892 N
835 2860 847 2902 ΙΙ
865 2859 1043 2903 templum
1070 2860 1159 2894 NH
1174 2863 1186 2904 ΙΙ
1213 2864 1254 2894 18
1281 2860 1329 2894 ad
1355 2859 1458 2894 donis
1483 2871 1582 2903 supr.
1608 2870 1694 2893 vers.
1722 2859 1831 2893 sacri—

143 2907 235 2941 ficiis
261 2907 347 2950 quia
372 2908 410 2941 et
434 2907 574 2951 templa
599 2906 752 2940 donaria
777 2906 948 2940 dicuntur
976 2907 1008 2940 Τ
1035 2908 1047 2951 ΙΙ
1078 2912 1119 2941 21
1149 2908 1243 2941 uiuit
1270 2907 1308 2940 Η
1332 2908 1344 2950 ΙΙ
1370 2906 1528 2940 consulit
1559 2906 1706 2950 proprie
1738 2906 1832 2940 dixit

145 2954 232 2998 quia
257 2954 441 2998 aruspices
467 2956 554 2988 tunc
580 2954 752 2988 dicuntur
777 2953 963 2988 consulere
989 2955 1135 2997 quando
1162 2955 1363 2998 inspiciunt
1389 2954 1473 2987 exta
1498 2957 1528 2987 et
1555 2954 1598 2987 ab
1626 2954 1701 2987 alia
1720 2964 1831 2987 mana

144 3003 229 3035 exta
254 3001 476 3045 singularem
505 3012 577 3035 non
603 3001 717 3035 habet
742 3002 783 3033 ut
808 3012 910 3034 arma
938 3001 969 3034 Τ
987 3002 998 3045 Η
1017 3001 1163 3046 proprie
1190 3001 1283 3035 dixit
1304 3028 1309 3034 .
1327 3028 1356 3035 ..
1378 3003 1419 3034 ut
1445 3012 1547 3034 arma
1571 3001 1650 3034 hab.
1667 3000 1830 3036 Ambros.

143 3051 340 3091 sequuntur
371 3047 458 3082 ibid.
492 3047 652 3082 comixta
683 3047 859 3091 grandine
891 3048 1036 3082 nimbus
1070 3061 1231 3083 murmur
1270 3047 1362 3082 caeli
1401 3047 1446 3081 ad
1486 3046 1684 3081 infaustum
1724 3058 1830 3082 omen

144 3094 320 3139 pertinet,
346 3095 433 3139 quia
455 3095 595 3129 tonitru
615 3094 835 3129 dirimuntur
855 3095 1028 3139 auspicia.
1056 3098 1101 3139 cf.
1123 3097 1170 3130 acl
1192 3107 1219 3129 r.
1238 3099 1299 3129 161
1323 3095 1334 3138 ΙΙ
1355 3099 1397 3128 24
1417 3095 1586 3128 sacerdos
1607 3094 1652 3136 L,
1679 3106 1767 3128 corr.
1790 3095 1802 3128 Z
1821 3103 1831 3138 1,

147 3145 190 3176 25
218 3141 294 3175 111111
319 3143 478 3177 amantis
499 3142 628 3176 FMZ:
653 3141 740 3175 uiua
765 3142 898 3176 mentis
917 3142 996 3176 NL
1008 3144 1049 3176 II
1077 3143 1151 3177 uim
1178 3142 1335 3177 amentis
1354 3144 1409 3186 1111
1429 3146 1471 3175 26
1499 3141 1705 3176 sacerdotes
1730 3141 1831 3186 igna-

144 3199 205 3223 rae
232 3199 320 3235 ergo
347 3190 481 3224 amoris
508 3189 655 3233 reginae
682 3189 769 3232 quia
794 3193 1013 3223 monuerunt
1044 3201 1114 3224 non
1147 3189 1366 3224 credituram
1397 3189 1483 3232 quia
1508 3188 1573 3222 illa
1605 3188 1704 3231 (illae
1732 3191 1831 3222 (lom—

216 3254 312 3279 Servii
331 3262 435 3279 comm.
457 3255 522 3280 Vol.
543 3255 567 3279 Ι.
589 3255 672 3279 Base,
693 3255 734 3279 11.
1508 3253 1547 3281 31

1857 990 1899 1020 10

1861 1346 1900 1375 15
