2204 3437
547 209 695 244 COMM.
724 211 773 244 IN
800 209 940 244 VERG.
968 210 1076 243 AEN.
1104 210 1130 243 Ι.
1158 213 1353 243 oue—(381.
1716 206 1797 247 193

106 318 279 356 statutae
309 329 372 356 *res
402 321 514 369 sunt,
556 317 600 371 in
631 318 796 358 cardine
832 330 911 358 esse
950 317 1158 365 (licuntur,
1199 319 1236 355 et
1277 315 1585 355 translationem
1626 314 1734 354 verbi
1775 328 1798 353 (ι

106 386 235 426 icmua
269 389 439 427 tractam
470 388 625 440 volunt,
657 401 760 440 quave
790 390 899 427 motu
924 387 1106 426 cardinis
1136 385 1211 426 leae
1236 388 1354 437 atque
1379 384 1475 424 illac
1499 384 1642 435 inpelli
1659 387 1801 435 potest.

224 456 320 497 673.
371 468 601 506 QVOCIRCA
633 459 900 511 quapropter.
1020 468 1231 496 Mnin'ron
1263 458 1407 496 mente
1440 456 1665 508 pertracto.

225 528 321 569 674.
371 540 429 568 NE
459 540 550 577 Qvo
580 540 630 569 SE
662 540 840 568 NVMINE
874 539 1032 568 Mv'rE'r
1061 526 1188 581 tquo'
1217 527 1282 567 vel
1313 529 1446 579 vacat,
1473 526 1539 567 vel
1566 540 1802 578 pronomen

107 601 183 639 est.
255 601 298 639 et
341 599 447 640 bene
493 599 724 653 supprimit
768 613 922 640 nomen
966 598 1159 651 Iunonis,
1204 612 1255 637 ne
1300 597 1388 637 eius
1434 597 1647 650 frequenti
1694 611 1802 637 com-
1829 602 1848 631 5

107 670 417 710 memoratione
451 669 701 723 Cupidinem
734 672 910 722 terreat3
950 669 1089 722 magis
1130 669 1241 709 enim
1274 669 1368 709 vult
1407 682 1500 708 eum
1541 667 1803 720 intellegere,

107 754 232 793 quam
266 740 413 780 audire
445 739 667 781 Iunonem.
729 743 803 781 aut
836 742 947 781 certe
981 739 1230 780 adverbium
1274 741 1355 792 est,
1388 740 1435 778 ut
1473 739 1546 792 sit,
1584 738 1716 778 timeo
1750 752 1803 777 ne

107 824 150 850 se
181 811 355 851 numine
388 810 498 851 Dido
532 811 720 865 aliquam
753 813 988 852 commutet
1019 811 1063 851 in
1096 812 1276 863 partem.

223 881 319 921 675.
370 892 529 921 MECVM
570 882 612 922 id
651 885 715 922 est
758 897 851 922 eum
894 881 1033 922 officio
1066 881 1269 934 Venerio,
1311 894 1386 920 nec
1424 882 1569 933 potest
1607 879 1803 933 intellegi

107 949 483 1003 ‘quemadmodum
523 950 642 1005 ego’,
684 951 811 992 aliter
847 952 954 992 enim
993 967 1017 992 a
1055 954 1192 992 matre
1231 951 1399 992 Aeneas
1447 953 1634 1003 amatur,
1679 950 1803 991 aliter
1832 955 1873 985 10

105 1035 130 1060 a
161 1020 340 1062 Didone.
461 1039 598 1063 MECVM
618 1036 695 1074 per
726 1036 832 1063 meos
863 1036 1036 1073 amores,
1068 1024 1114 1063 id
1142 1026 1199 1064 est
1228 1037 1290 1063 me
1321 1023 1534 1063 adimente.

223 1092 319 1132 676.
370 1104 461 1141 QVA
498 1092 539 1132 id
582 1095 648 1133 est
687 1093 913 1147 quomodo.
1034 1105 1196 1134 ACCIPE
1239 1093 1354 1146 audi,
1396 1096 1441 1133 ut
1479 1093 1641 1144 accipe
1677 1106 1802 1133 meuc

105 1161 334 1203 Danaum
377 1163 612 1214 insidias,
657 1166 704 1204 ut
749 1166 896 1205 contra
941 1163 1036 1204 ‘da'
1083 1164 1168 1218 dic,
1213 1166 1261 1204 ut
1310 1164 1386 1217 da,
1428 1178 1525 1204 non
1571 1163 1804 1205 indebita

105 1247 258 1287 posco
297 1236 340 1274 et
372 1234 430 1274 da
462 1233 640 1288 Tityre
672 1235 834 1276 nobis.
956 1247 1150 1275 MENTEM
1187 1234 1533 1288 dispositionem,
1566 1235 1803 1275 consilium.

222 1306 318 1346 677.
369 1316 537 1346 ACCITV
571 1305 829 1346 evocatione.
893 1308 936 1346 et
969 1308 1034 1346 est
1066 1308 1242 1359 quartae
1276 1305 1587 1346 declinationis.
1833 1310 1873 1339 15

223 1377 319 1417 678.
370 1388 526 1417 VRBEM
565 1388 789 1418 SIDONIAM
829 1391 958 1430 quam
1002 1379 1148 1417 tenent
1187 1376 1362 1417 Sidonii.
1490 1388 1585 1417 MEA
1624 1389 1805 1417 MAXIMA

106 1457 223 1487 CVRA
258 1450 300 1488 et
327 1447 493 1489 Aeneas
527 1462 629 1488 cura
655 1450 738 1501 est,
771 1447 843 1488 sed
870 1448 1079 1488 Ascanius
1108 1447 1316 1501 maxima,
1349 1448 1427 1488 cui
1460 1462 1670 1502 regnum
1703 1447 1803 1489 Ita·
1823 1468 1842 1486 ·,

105 1517 205 1558 liae
238 1517 564 1573 Romanaque
599 1518 758 1558 tellus
795 1517 1061 1559 debentur:
1101 1521 1143 1558 et
1181 1518 1336 1572 ubique
1370 1518 1579 1559 Ascanius
1620 1519 1805 1560 maxima

106 1602 206 1629 cura
250 1588 431 1630 Veneris
476 1588 782 1642 introducitur,
826 1592 874 1629 ut
917 1589 1132 1630 Veneris
1184 1589 1474 1630 iustissima
1519 1604 1655 1643 cura,
1702 1590 1804 1630 item

105 1658 236 1700 hunc
267 1662 444 1713 tegere
477 1663 525 1700 et
557 1659 699 1700 dirae
732 1660 926 1700 valeam
960 1660 1242 1701 subducere
1274 1674 1484 1715 pugnae.
1831 1664 1875 1694 20

222 1731 319 1771 679.
370 1748 468 1772 noxa
503 1748 713 1773 RESTANTJA
746 1746 848 1785 qesac
877 1733 1126 1782 restiterzmt,
1159 1746 1261 1784 quac
1288 1732 1585 1784 superfuerunt.
1647 1735 1683 1773 et
1713 1736 1806 1772 am‘e

98 1801 268 1854 pelamis
292 1801 446 1853 posuit,
478 1815 568 1842 cum
593 1805 687 1854 post
721 1802 760 1842 T
756 1803 870 1842 roicw
900 1802 1140 1843 eversionem
1171 1803 1425 1855 aecroifflwerit
1454 1803 1625 1843 Aeneas.

222 1872 318 1912 680.
369 1883 568 1913 SOPITVM
601 1869 756 1913 SOMNO
791 1887 921 1912 unum
961 1872 1130 1926 quidem
1171 1875 1236 1913 est
1269 1887 1396 1925 sopor
1429 1875 1471 1912 et
1503 1887 1694 1925 somnus,
1735 1873 1806 1912 sed

104 1941 230 1982 modo
258 1941 478 1996 ‘sopitum’
506 1943 740 1997 inrigatum
769 1943 1071 1997 intellegimus.
1165 1960 1338 1983 mmmm
1377 1944 1481 1984 sicut
1505 1957 1632 1995 supra
1657 1944 1807 1983 (liemon

104 2015 161 2053 est
186 2026 327 2066 §emere
357 2017 497 2054 neutro
521 2014 763 2067 pluraliter,
795 2017 841 2054 ut
871 2013 971 2054 alibi
1001 2016 1117 2054 sunt
1147 2014 1252 2054 alta
1283 2012 1502 2065 Cythera.
1831 2017 1875 2047 25

223 2083 319 2124 681.
369 2095 570 2125 IDALIVM
616 2082 749 2137 Cypri
794 2098 943 2124 nemus
992 2085 1074 2133 est,
1116 2083 1159 2123 in
1199 2098 1280 2138 quo
1321 2084 1526 2137 oppidum
1572 2085 1716 2134 breve,
1762 2086 1809 2124 ut

105 2154 234 2208 paulo
266 2156 366 2207 post
394 2153 590 2194 Idaliae
624 2154 783 2207 lucos,
818 2154 921 2195 item
953 2153 1278 2208 Idaliumque
1310 2169 1495 2196 nemus.
1601 2167 1808 2196 SACRATA

107 2236 221 2265 SEDE
253 2224 321 2265 vel
353 2225 504 2279 templi
539 2225 606 2266 vel
641 2225 799 2279 oppidi.

202 2369 244 2398 12
277 2377 398 2397 Accu‘ss
532 2364 606 2409 dic]
640 2365 684 2399 cf.
718 2365 810 2399 Don.
844 2365 890 2399 ad
924 2365 1004 2399 Ter.
1039 2376 1118 2399 eun.
1154 2366 1204 2398 Ill
1234 2370 1270 2408 1,
1299 2370 1337 2398 11
1373 2366 1385 2408 1}
1416 2365 1558 2410 accipe]
1593 2366 1633 2399 A.
1664 2367 1693 2399 II
1728 2371 1771 2400 (35
1797 2366 1807 2383 ¹¹

109 2415 150 2445 13
178 2411 226 2445 da
251 2411 340 2456 non]
369 2411 409 2444 A.
437 2412 499 2445 VI.
526 2416 568 2446 6ss
601 2414 612 2455 ΙΙ
646 2416 688 2445 14
724 2412 787 2457 da]
821 2412 900 2446 buc.
930 2412 943 2444 I
973 2415 1014 2446 18
1046 2414 1057 2455 Η
1090 2417 1131 2446 17
1165 2413 1239 2457 cui]
1267 2414 1308 2446 A.
1343 2413 1392 2446 IV
1425 2417 1491 2446 275
1524 2414 1535 2455 Η
1569 2417 1609 2446 19
1638 2413 1806 2458 Veneris]

107 2459 148 2491 A.
176 2459 208 2492 X
235 2462 300 2492 132
332 2459 343 2501 ΙΙ
375 2462 419 2491 20
453 2458 566 2503 1111110]
595 2460 635 2492 Α.
670 2459 700 2492 Χ
727 2463 770 2493 50
801 2460 813 2502 ΙΙ
845 2463 888 2492 25
922 2459 1021 2503 sunt]
1057 2461 1097 2493 A.
1132 2460 1162 2493 X
1197 2463 1239 2493 8ss
1271 2461 1282 2503 ΙΙ
1314 2463 1356 2493 27
1390 2459 1547 2504 Idaliae]
1580 2461 1621 2493 A.
1655 2461 1669 2493 1
1704 2464 1770 2494 693
1798 2500 1799 2504 ¹

106 2505 353 2550 Idaliumque]
376 2506 418 2538 A.
447 2506 478 2539 X
505 2510 548 2539 52
579 2505 814 2550 ‘Idaliaeque
841 2506 993 2540 domus’

201 2639 220 2669 3
254 2636 302 2669 acl
333 2646 363 2668 v.
394 2639 460 2669 673
495 2635 689 2680 Quocirca]
724 2636 950 2680 quapropter
983 2662 990 2669 .
1013 2662 1019 2668 .
1043 2662 1049 2668 .
1076 2635 1274 2679 pertracto.
1314 2635 1348 2668 P
1377 2637 1388 2679 Η
1420 2640 1440 2669 4
1473 2636 1520 2669 ad
1551 2647 1581 2670 r.
1610 2641 1676 2670 671
1711 2636 1806 2681 Quo]

109 2682 169 2716 uel
195 2684 305 2716 uacat
330 2682 389 2716 uel
416 2693 619 2725 pronomen
645 2683 710 2718 est.
752 2684 816 2717 aut
837 2683 934 2716 certe
961 2682 1193 2725 aduerbium,
1220 2684 1262 2716 ut
1283 2682 1330 2716 sit
1358 2711 1364 2716 .
1388 2712 1393 2717 .
1416 2712 1422 2717 .
1451 2685 1603 2727 partem.
1633 2684 1693 2727 ΓΗ
1714 2690 1732 2717 ε»
1760 2685 1808 2717 ad

106 2740 138 2763 υ.
160 2732 226 2763 675
253 2728 415 2773 Mecum]
442 2728 481 2762 id
507 2730 562 2763 est
589 2740 671 2763 eum
698 2729 820 2764 officio
840 2729 1010 2772 Venerio,
1038 2729 1097 2762 1101
1126 2729 1314 2762 ‘meeum’
1344 2742 1408 2773 per
1434 2742 1535 2763 rin-os
1562 2742 1722 2770 amores,
1750 2742 1806 2763 1110

109 2776 308 2810 adnitente.
336 2776 372 2809 P
392 2777 403 2820 ΙΙ
436 2780 473 2809 11
509 2787 530 2809 a
556 2776 689 2811 didone
722 2787 865 2810 mecum
899 2787 985 2819 ergo
1018 2788 1083 2820 per
1114 2787 1214 2810 ineos
1248 2788 1390 2811 amares
1418 2780 1574 2818 (amores
1604 2778 1660 2818 02)
1688 2777 1724 2810 id
1752 2778 1808 2810 est

110 2833 168 2857 me
194 2822 383 2857 adnitente
411 2822 442 2857 C
469 2824 480 2866 ΙΙ
514 2827 555 2856 12
583 2824 630 2857 ατί
655 2834 685 2856 w.
715 2828 782 2857 676
810 2823 905 2868 Qua]
939 2823 976 2856 id
1009 2824 1066 2856 est
1091 2823 1274 2866 quomodo
1301 2851 1307 2858 .
1338 2852 1343 2857 .
1374 2851 1379 2857 .
1407 2824 1464 2857 die
1492 2826 1531 2857 ut
1562 2824 1630 2857 ‘da
1656 2836 1727 2857 11011
1754 2824 1806 2856 in-

109 2869 233 2904 debita
264 2869 405 2913 poseo’.
445 2869 623 2914 Mentem]
652 2870 930 2914 dispositionem
958 2870 1161 2904 consilium.
1194 2870 1256 2914 ΡΗ
1276 2882 1344 2908 Qm
1373 2884 1504 2903 mcum-1
1532 2870 1561 2901 (1
1577 2872 1588 2912 Η
1613 2875 1651 2903 13
1679 2870 1726 2903 da
1747 2870 1805 2903 die

111 2915 154 2950 C:
181 2916 239 2950 dic
259 2916 305 2950 da
325 2916 409 2950 LH
424 2916 482 2951 dic
501 2916 540 2950 id
559 2918 617 2950 est
635 2917 682 2950 da
704 2917 769 2950 Ml
794 2918 805 2960 ΙΙ
824 2919 865 2951 ut
885 2928 950 2950 om.
973 2917 1054 2950 LH
1064 2918 1110 2950 M
1127 2919 1138 2961 ΙΙ
1158 2917 1205 2950 da
1225 2918 1315 2961 non}
1337 2918 1395 2950 dio
1415 2929 1486 2950 non
1512 2918 1576 2950 Ml
1594 2918 1605 2960 Η
1630 2922 1669 2950 14
1696 2928 1805 2960 posco

109 2973 223 3007 regna
247 2963 339 2997 meis
364 2963 488 2998 facitis
516 2963 546 2997 C
574 2966 585 3007 ΙΙ
617 2965 653 2997 et
679 2964 726 2997 da
753 2964 878 3007 Tityre
910 2963 1014 2998 nobis
1046 2974 1110 2998 om.
1140 2965 1169 2997 (J
1197 2965 1208 3007 ΙΙ
1243 2968 1283 2997 15
1318 2965 1365 2997 ml
1390 2976 1420 2998 r.
1450 2968 1514 2997 677
1545 2963 1691 3008 Ace-itu]
1720 2975 1803 2997 euo—

111 3010 254 3044 eatione
289 3038 295 3044 .
324 3038 330 3044 .
360 3037 366 3044 .
400 3010 670 3045 declinationis.
707 3010 742 3043 P
770 3011 782 3054 ΙΙ
816 3015 857 3044 1ss
890 3012 938 3045 acl
969 3022 999 3044 v.
1028 3014 1094 3045 678
1131 3011 1263 3044 Urbem
1298 3010 1502 3054 Sidoniam]
1536 3021 1642 3053 quam
1677 3013 1805 3044 tonent

111 3055 262 3091 Sidonii.
299 3057 335 3090 P
362 3058 374 3101 l]
406 3061 447 3091 21
483 3059 531 3092 ad
561 3069 592 3091 ν’.
622 3061 687 3091 679
720 3057 826 3092 Dona
857 3058 1049 3102 restantia]
1082 3069 1175 3100 quae
1215 3057 1427 3090 restiterunt
1464 3057 1803 3101 su}›erfuei·11ntque.

112 3102 147 3135 P
171 3104 184 3147 u
213 3107 256 3137 23
283 3105 331 3138 acl
355 3116 386 3139 v.
409 3107 476 3138 680
504 3104 672 3148 Sopitum
699 3104 844 3149 somno}
873 3117 983 3138 unum
1012 3133 1018 3138 .
1042 3133 1047 3138 .
1073 3132 1077 3137 .
1107 3104 1234 3137 neutro
1262 3103 1463 3147 pluraliter.
1494 3104 1529 3136 J»
1549 3105 1560 3147 ΙΙ
1586 3108 1631 3137 24
1657 3104 1803 3147 inroga-

112 3150 203 3182 tum.
232 3150 267 3182 P
293 3152 305 3194 ΙΙ
337 3154 380 3184 2ss
407 3152 455 3185 acl
479 3163 508 3185 v.
538 3155 603 3185 681
632 3151 804 3196 Idalium]
833 3151 943 3196 Cypri
968 3163 1096 3185 nemus
1123 3151 1179 3183 est
1205 3177 1211 3183 .
1235 3177 1240 3183 .
1264 3178 1270 3184 .
1298 3162 1434 3184 nvmus.
1463 3151 1498 3183 J'
1523 3152 1535 3194 ΙΙ
1566 3151 1621 3195 ut]
1650 3153 1687 3185 et
1713 3152 1742 3186 (J

185 3214 280 3239 Servii
301 3222 404 3240 comm.
428 3217 490 3241 Vol.
512 3217 536 3240 1.
559 3216 635 3241 Fasc
666 3216 689 3241 I.
1479 3213 1520 3242 13
