2204 3437
864 168 1146 202 PRAEFATIO.
1770 169 1851 201 LIII

158 281 220 322 ita
263 282 310 321 ut
353 274 557 334 punctum
602 280 647 321 in
689 279 782 333 ipsa
827 278 956 330 linea,
1007 291 1089 330 quo
1129 276 1287 330 aliquid
1329 275 1567 316 addendum
1601 290 1691 317 esse
1726 278 1852 332 signi-

158 352 323 405 ficaret,
355 366 431 405 per
463 365 646 392 errorem
668 364 754 390 non
788 350 886 389 ante
919 362 956 402 a,
990 347 1062 388 sed
1101 349 1200 401 post
1232 360 1326 387 eam
1358 346 1548 386 litteram
1581 350 1773 399 poneret:
1807 349 1851 388 in

157 422 387 476 appendice
428 420 608 475 ‘aequa'
648 419 901 461 Fuldensem
940 417 1142 472 praebere
1182 417 1341 458 dictum
1389 414 1508 471 est.¹)
1566 416 1668 458 Aen.
1708 417 1728 457 I
1769 418 1848 459 157

156 491 213 546 (p.
240 492 312 545 65,
343 489 413 548 19)
441 506 518 545 pro
544 491 736 533 stationes
766 488 1040 530 Cassellanus
1068 488 1242 529 exhibet
1260 488 1542 540 salutatione&
1572 502 1654 541 qua
1685 488 1727 528 in
1750 503 1850 528 voce

155 577 181 604 11
197 563 388 603 litteram
403 562 609 616 expunxit
624 563 855 602 corrector:
878 558 1102 613 Scioppius
1130 557 1413 599 ‘saltationes’
1429 560 1614 598 testatus
1637 560 1711 598 est.
1746 557 1849 599 Aen.

154 632 173 673 I
209 632 290 674 195
324 633 382 688 (p.
418 633 489 686 77,
524 631 567 686 8)
608 646 632 672 a
662 631 803 685 prima
835 644 963 670 manu
1002 629 1205 684 scriptum
1247 631 1311 670 est
1344 629 1525 682 catile'ofze,
1564 629 1675 682 quod
1715 629 1849 669 altera

153 704 215 744 ita
247 702 448 753 correxit,
493 705 540 742 ut
571 716 597 742 a
630 716 759 755 supra
798 714 817 741 e
854 702 1049 753 poneret:
1096 698 1320 753 Scioppius
1363 698 1606 740 ‘catilinae'
1647 700 1848 740 enotavit.

153 773 258 816 Aen.
290 773 331 814 Π
364 773 450 815 285
489 771 548 828 (p.
588 772 690 826 266,
728 770 802 826 25)
844 774 882 812 et
920 770 1124 812 contrario
1170 769 1328 824 legitur
1369 770 1411 809 in
1451 768 1698 810 Cassellano
1739 770 1848 824 quod

153 847 367 886 corrector
393 843 635 885 emendavit
668 856 764 883 cum
796 845 833 883 et
862 856 964 883 voce
998 841 1250 882 oblitterata
1285 855 1303 882 e
1335 841 1659 894 superscripsit:
1705 839 1847 894 Sciop-

151 916 246 970 pius
280 914 346 956 tet
380 929 400 955 e
434 911 671 955 contrario'
706 912 909 953 enotavit.
962 911 1065 952 Aen.
1098 910 1141 952 II
1174 910 1260 952 335
1294 908 1352 965 (p.
1387 910 1488 965 275,
1525 910 1596 966 19)
1637 909 1847 952 Cassella-

150 1000 231 1027 nus
263 986 400 1027 amine
431 984 581 1038 habet,
623 983 732 1024 unde
761 997 789 1036 9
820 983 967 1023 littera
1001 997 1130 1035 supra
1163 996 1332 1022 versum
1366 981 1511 1022 addita
1549 983 1710 1035 (19011110
1747 982 1848 1022 fecit

150 1058 381 1098 corrector:
415 1056 457 1096 in
491 1054 723 1108 appendice
762 1056 983 1107 tamquam
1022 1052 1233 1094 Fuldense
1273 1053 1435 1094 editum
1478 1055 1542 1094 est
1581 1052 1766 1093 ‘animae
1806 1056 1847 1093 et

150 1125 362 1181 agmina',
386 1129 431 1167 ut
451 1125 569 1180 prior
596 1124 811 1178 scriptura
838 1123 1083 1177 emendata,
1110 1124 1363 1165 correctoris
1398 1124 1640 1165 coniectura
1660 1123 1848 1176 perfecta

149 1198 215 1238 sit.
261 1197 310 1238 cf.
333 1197 475 1238 adnot.
498 1196 589 1237 crit.
612 1195 665 1237 ad
685 1210 724 1249 p.
745 1195 844 1248 282,
867 1195 931 1236 18.
977 1195 1049 1235 sed
1076 1195 1377 1249 gravissimum
1417 1195 1606 1236 omnium
1634 1196 1698 1235 est
1735 1195 1844 1248 quod

149 1283 254 1322 quae
276 1268 328 1309 ad
349 1267 453 1309 Aen.
474 1267 493 1307 I
517 1267 598 1307 169
622 1264 679 1320 (p.
702 1267 770 1319 (37,
793 1263 866 1320 21)
888 1265 931 1305 in
946 1263 1186 1306 Cassellani
1208 1265 1400 1320 margine
1422 1280 1470 1305 ex
1492 1265 1647 1306 Isidori
1670 1266 1843 1320 origini-

147 1339 227 1379 bus
251 1337 374 1393 (XIX
395 1338 441 1391 2,
465 1336 536 1392 15)
565 1337 722 1378 saeculi
743 1335 835 1378 XV.
880 1337 1095 1377 corrector
1123 1335 1352 1388 adscripsit
1379 1335 1525 1376 eudem
1548 1334 1772 1389 Scioppius
1800 1336 1843 1376 in

147 1408 349 1450 Fuldensi
381 1407 514 1449 fuisse
547 1410 732 1449 testatus
766 1409 850 1460 est,
892 1410 933 1447 et
965 1407 1027 1447 ita
1060 1406 1229 1461 quidem
1264 1409 1311 1447 ut
1351 1406 1416 1447 ‘sT'
1455 1408 1603 1447 notam
1644 1407 1843 1460 praemit-

146 1476 279 1533 teret,
312 1493 395 1533 qua
426 1478 540 1519 haud
573 1478 659 1519 scio
693 1493 748 1519 an
781 1476 952 1532 ‘supra'
997 1477 1228 1531 significari
1269 1477 1463 1518 voluerit.
1520 1492 1616 1517 nam
1653 1477 1705 1517 ad
1738 1477 1843 1518 Aen.

145 1550 165 1591 Ι
189 1550 270 1591 173
293 1548 352 1603 (p.
373 1550 448 1603 68,
470 1547 564 1604 28),
596 1549 668 1590 ubi
702 1563 833 1603 supra
864 1552 938 1589 aut
968 1548 1079 1590 idem
1114 1552 1328 1590 corrector
1351 1549 1393 1589 id
1415 1552 1473 1589 (³57⁴
1496 1549 1625 1589 *mulia
1660 1549 1843 1601 scripsit,

145 1620 252 1662 haec
284 1624 349 1661 est
372 1619 559 1674 Scioppii
599 1619 820 1660 adnotatio
856 1614 936 1658 ss.
959 1618 1021 1658 ⁴“²i.
1055 1618 1192 1658 multa
1225 1617 1330 1658 aut'.
1388 1618 1440 1658 ad
1474 1617 1578 1658 Aen.
1610 1618 1630 1658 I
1671 1619 1752 1658 176
1786 1617 1842 1672 (p.

150 1692 222 1745 70,
258 1691 301 1746 1)
334 1691 466 1732 verba
507 1705 614 1745 quae
655 1692 754 1731 sunt
784 1703 900 1742 quem
931 1703 1045 1730 memo
1082 1690 1136 1730 sit
1172 1703 1298 1731 (1113115
1336 1689 1542 1741 (Ιθΐωηῖω-(ῑ
1574 1688 1712 1742 prima
1745 1688 1842 1730 Cas-

149 1763 301 1804 sellani
334 1777 484 1803 manus
519 1761 678 1814 omisit,
718 1775 845 1814 supra
877 1775 1047 1801 versum
1086 1760 1280 1812 quoniam
1311 1774 1425 1801 nemo
1464 1761 1517 1801 sit
1553 1774 1679 1801 (1113113
1710 1760 1841 1811 defen-

145 1835 235 1875 dere
267 1833 431 1874 addidit
464 1830 532 1873 03:
566 1831 755 1885 Scioppii
789 1831 839 1872 de
871 1831 951 1872 hoc
984 1830 1078 1872 loco
1111 1831 1404 1871 testimonium
1439 1834 1503 1871 est
1537 1830 1656 1884 ‘post
1694 1845 1841 1871 vocem

146 1902 212 1944 ‘in
254 1903 326 1945 eo'
369 1903 529 1945 emend.
569 1903 833 1957 sssquoniam
873 1901 1042 1955 nemo'3
1075 1902 1118 1942 in
1158 1904 1359 1943 contextu
1392 1902 1506 1941 enim
1539 1900 1693 1941 Daniel
1727 1900 1843 1941 dedit

148 1989 254 2028 quae
286 1974 331 2014 in
365 1972 613 2015 Cassellano
647 1974 808 2014 omissa
840 1988 931 2013 esse
972 1973 1070 2013 dixi.
1123 1972 1228 2013 Aen.
1261 1972 1281 2013 I
1314 1972 1370 2013 30
1404 1970 1567 2027 (1124,
1601 1972 1674 2028 21)
1707 1974 1842 2013 ernav-

147 2045 224 2086 lem
264 2045 470 2099 expunxit
509 2047 551 2085 et
588 2045 803 2086 Hectorem
843 2043 1142 2097 superscripsit
1181 2041 1250 2084 03:
1303 2043 1400 2083 inde
1440 2042 1572 2084 ecirca
1610 2044 1842 2085 extinctum

144 2114 375 2157 Hectorem
409 2114 645 2157 crudelem'
678 2115 723 2155 in
756 2114 988 2168 appendice
1022 2113 1258 2168 Scioppius.

265 2185 454 2240 Scioppii
487 2185 743 2226 Fuldensem
776 2186 828 2226 ab
863 2200 910 2226 eo
944 2185 1070 2239 libro,
1104 2200 1154 2226 ex
1188 2200 1270 2239 quo
1304 2184 1472 2226 Modius
1504 2200 1591 2226 non
1623 2186 1740 2226 nulla
1774 2200 1841 2226 ex-

145 2257 335 2311 scripsit,
382 2271 467 2298 non
519 2257 735 2298 diversum
787 2256 918 2297 fuisse
970 2256 1245 2297 manifestum
1292 2259 1375 2310 est3
1426 2256 1560 2297 Modii
1609 2256 1723 2296 enim
1775 2272 1841 2297 ex-

144 2327 302 2381 cerptis
337 2327 520 2368 maxime
553 2327 707 2368 Daniel
740 2327 952 2381 impulsus
987 2329 1052 2367 est
1084 2329 1131 2367 ut
1157 2327 1331 2380 plenam
1365 2327 1522 2368 codicis
1556 2327 1840 2368 conlationem

145 2398 227 2438 sibi
259 2401 444 2452 pararet.
501 2398 575 2438 sed
606 2398 822 2439 luculento
857 2397 1042 2452 quodam
1075 2401 1330 2452 argumento
1365 2413 1413 2439 ea
1445 2413 1511 2438 res
1540 2398 1668 2438 etiam
1702 2399 1840 2452 magis

144 2469 432 2510 confirmatur.
488 2484 587 2510 nam
628 2468 738 2522 quod
771 2468 924 2509 Daniel
965 2469 1069 2509 locis
1110 2483 1239 2522 supra
1278 2468 1462 2509 laudatis
1502 2469 1720 2522 professus
1763 2471 1839 2522 est,

145 2539 248 2580 duas
270 2538 496 2581 Fuldensis
531 2539 688 2580 codicis
721 2539 903 2593 paginas
938 2553 981 2580 se
1008 2539 1186 2593 vidisse,
1219 2540 1259 2580 id
1287 2555 1374 2581 non
1401 2539 1543 2593 potuit
1576 2539 1700 2579 aliter
1732 2540 1851 2585 effici,

143 2609 225 2650 nisi
257 2611 319 2652 ita
350 2614 399 2652 ut
431 2611 682 2652 membrana
715 2625 735 2651 e
776 2610 917 2651 codice
951 2610 1120 2651 sublata
1161 2610 1199 2651 ei
1233 2611 1486 2651 mitteretur.
1544 2613 1669 2663 atque
1708 2610 1841 2650 missa

145 2683 210 2722 est
243 2696 292 2722 ea
324 2682 369 2722 in
401 2697 484 2735 qua
517 2681 852 2723 commentarius
886 2681 938 2722 ad
962 2681 1064 2722 Aen.
1084 2680 1104 2721 I
1127 2681 1355 2722 716-727
1391 2682 1574 2735 scriptus
1608 2683 1717 2721 erat:
1746 2694 1839 2720 eum

146 2751 256 2792 enim
303 2752 457 2793 Daniel
503 2753 546 2793 in
590 2754 789 2793 contextu
836 2751 1091 2804 exemplaris
1139 2751 1203 2792 sui
1249 2750 1305 2806 (p.
1346 2752 1430 2793 218
1471 2754 1513 2792 et
1545 2753 1642 2804 219,
1679 2752 1838 2803 1—20)

145 2820 325 2877 edidit‘2)
359 2824 400 2863 et
430 2823 699 2877 praeclarum
734 2823 783 2863 de
815 2821 997 2863 Veneris
1030 2822 1276 2863 nominibus
1311 2837 1534 2863 excursum
1569 2825 1626 2875 (v.
1661 2819 1762 2875 720)
1799 2821 1839 2861 in

240 2957 274 3000 1)
301 2956 398 3001 quod
427 2957 574 3001 ‘aequa’
610 2968 682 2991 non
718 2957 887 3000 ‘aequae'
917 2956 955 2990 in
981 2956 1185 3001 appendice
1214 2956 1350 3001 legitur
1380 2955 1598 3000 typothetae
1632 2956 1669 2988 et
1701 2965 1840 2989 correc-

144 3008 217 3044 tori
243 3008 390 3044 videtur
415 3009 654 3045 tribuendum
681 3021 777 3053 esse,
805 3010 848 3044 de
876 3020 1031 3053 quorum
1057 3010 1300 3055 neglegentia
1326 3009 1422 3043 infra
1448 3009 1579 3044 dicam.
1691 3011 1725 3053 2)
1758 3020 1837 3042 cum

145 3062 192 3096 ad
217 3075 250 3097 v,
279 3066 463 3097 727—730
490 3074 634 3107 quoque
661 3062 854 3097 Fuldensis
888 3062 1145 3099 additamenta
1177 3064 1213 3098 111
1242 3064 1415 3098 contextu
1450 3061 1614 3096 Danielis
1648 3062 1838 3097 invenian-

144 3117 223 3158 tur,
250 3126 271 3148 a
296 3114 420 3150 Modio
448 3126 490 3150 ea
516 3115 702 3160 exscripta
727 3126 806 3150 esse
833 3115 1024 3160 probabile
1052 3118 1118 3150 est.
