2204 3437
550 203 699 238 COMM.
725 203 777 237 IN
801 202 942 236 VERG.
969 201 1079 235 AEN.
1106 200 1148 234 V.
1179 204 1325 236 12—22.
1699 199 1783 240 591

95 329 249 356 rauca
281 327 488 362 sonanS‚
520 312 623 353 item
663 314 711 352 et
747 310 873 366 pede
911 312 1099 350 terram
1137 309 1313 349 crebra
1355 308 1490 349 ferit.
1551 323 1707 349 nomen
1746 310 1788 349 et

96 384 339 426 adverbium
372 383 621 437 plerumque
660 382 703 423 in
736 396 778 423 se
810 382 1050 423 transeunt:
1094 394 1249 420 nomen
1287 379 1330 419 in
1370 379 1635 432 adverbium,
1675 378 1789 432 <VH

96 455 208 508 399>
241 456 543 507 torvumque
576 454 783 506 repente
816 452 1021 503 clamat,
1059 448 1102 489 id
1135 451 1200 489 est
1232 451 1370 490 torve:
1403 450 1506 490 item
1541 450 1788 490 adverbium

93 526 139 566 in
169 539 346 578 nomen,
378 527 425 565 ut
456 524 567 564 dum
605 537 746 563 mane
784 536 966 563 novum
1006 522 1179 573 accepta
1217 519 1500 560 declinatione
1533 520 1693 561 factum
1727 522 1790 561 est

93 610 259 639 nomen.
322 595 382 636 sic
420 594 590 635 Persius
629 593 696 647 <V
728 593 811 646 68>
848 593 944 633 iam
990 605 1098 632 cras
1144 590 1438 631 hesternum
1478 591 1789 644 consumpsi-

94 682 220 721 mus,
254 681 365 708 ecce
399 664 536 706 aliud
570 678 692 705 cras.
756 663 826 704 sed
859 676 1016 703 nomen
1055 675 1150 702 cum
1184 659 1431 701 adverbium
1465 675 1557 702 esse
1590 661 1789 715 coeperit,

95 739 146 780 fit
181 736 499 790 indeclinabile3
539 733 786 776 adverbium
826 748 920 774 cum
960 747 1118 774 nomen
1156 745 1248 772 esse
1288 732 1493 786 coeperit,
1533 731 1788 773 declinatur:

94 809 205 850 unde
238 808 300 850 ait
331 807 510 848 Plautus
544 821 568 846 a
600 804 733 846 mani
766 804 825 845 ad
857 817 1136 857 vesperum.
1175 801 1222 843 ‘a
1253 801 1398 843 mane'
1440 806 1583 843 autem
1614 804 1789 856 propter

94 880 307 935 triptoton
338 892 423 919 non
456 876 582 917 dixit:
615 890 708 916 cum
742 875 853 916 enim
887 875 930 915 in
963 874 1149 915 alienum
1179 874 1243 914 ius
1270 876 1495 914 transeunt
1526 873 1606 914 hae
1633 875 1790 927 partes,

93 966 180 993 non
213 950 311 1004 suis,
344 948 415 990 sed
448 962 592 989 earum
626 946 677 988 ad
710 961 816 1000 quas
849 945 1113 999 transierint,
1140 946 1314 985 utuntur
1339 944 1641 997 potestatibus⁷
1672 943 1790 984 dum·
1817 952 1859 982 10

94 1024 216 1064 taxat
247 1021 292 1062 in
324 1018 620 1061 declinatione.
675 1032 774 1058 nam
806 1019 1049 1070 temporum
1082 1015 1294 1056 rationem
1327 1029 1446 1055 suam
1473 1017 1709 1055 reservant:
1742 1017 1789 1055 ut

93 1093 174 1134 hoc
217 1092 310 1132 loco
356 1087 655 1142 ‘transversa',
700 1102 793 1129 cum
828 1088 1073 1129 adverbium
1116 1087 1188 1140 sit,
1234 1085 1299 1126 ‘a'
1344 1088 1488 1126 tamen
1525 1085 1666 1126 brevis
1713 1087 1789 1137 est,

95 1164 193 1218 quia
223 1162 340 1203 venit
372 1176 422 1201 ex
452 1159 642 1212 nomine,
667 1159 782 1206 ⁴licet
813 1159 920 1199 duae
953 1158 1235 1198 consonantes
1269 1159 1519 1210 sequantur:
1558 1171 1653 1197 cum
1686 1156 1788 1197 scia-

95 1249 188 1275 mus
227 1231 294 1274 ‘a'
333 1231 566 1273 terminata
611 1229 812 1270 adverbia
855 1229 986 1283 longa
1030 1243 1141 1281 esse,
1184 1229 1232 1268 ut
1272 1227 1399 1280 paulo
1444 1229 1544 1281 post
1582 1226 1695 1279 <27>
1741 1229 1789 1267 et

94 1307 289 1347 frustra
321 1318 468 1345 cerno
501 1304 550 1343 te
588 1300 796 1342 tendere
837 1302 1025 1341 contra.
1146 1309 1350 1339 VESPERE
1389 1310 1446 1339 AB
1486 1309 1606 1340 ATRO
1645 1297 1687 1338 id
1725 1300 1789 1339 est
1817 1306 1858 1337 15

94 1378 144 1419 ab
176 1377 370 1418 occidente
399 1373 571 1415 nubibus
611 1371 791 1425 confuso,
829 1371 900 1412 hoc
937 1373 994 1411 est
1029 1384 1110 1424 quo
1149 1368 1380 1410 tendimus:
1423 1383 1499 1410 nec
1541 1369 1654 1409 enim
1699 1369 1790 1410 sine

93 1449 258 1489 ratione
291 1449 389 1501 post
415 1444 742 1501 generalitatem
770 1442 931 1483 addidit
958 1441 1154 1495 speciem.
1205 1442 1373 1494 quidam
1398 1443 1532 1481 autem
1558 1441 1642 1481 ideo
1670 1439 1789 1481 ‘atro’

96 1520 246 1572 dicunt,
277 1518 377 1571 quia
407 1516 477 1558 ‘aba'
508 1516 591 1556 dies
622 1517 679 1556 est
708 1514 895 1564 occidens,
927 1516 1023 1554 atra
1055 1513 1194 1554 omma
1223 1512 1335 1565 facit,
1367 1512 1413 1553 ia
1441 1515 1498 1553 est
1528 1504 1696 1552 noctemss

207 1590 275 1631 20.
331 1600 380 1629 ΙΝ
413 1598 573 1628 NVBEM
606 1596 807 1627 COGITVR
847 1596 938 1625 AER
975 1583 1109 1625 nubes
1143 1583 1255 1624 enim
1295 1583 1404 1624 ae‘ris
1444 1582 1632 1623 densitas
1671 1582 1786 1636 facit,

94 1664 142 1703 ut
183 1661 360 1702 denset
401 1661 545 1701 erant
587 1671 712 1712 quae
753 1671 869 1697 rara
910 1655 1052 1696 modo
1096 1657 1144 1696 et
1194 1669 1320 1709 quae
1367 1654 1522 1695 densa
1568 1653 1789 1694 relaxat:
1817 1662 1861 1693 20

94 1733 297 1774 contrario
318 1730 365 1785 <I
385 1730 499 1783 587>
525 1728 709 1770 scindit
732 1741 778 1769 se
803 1727 951 1768 nabes
983 1730 1025 1767 et
1054 1727 1105 1767 ia
1130 1725 1331 1766 aethera
1348 1727 1535 1778 pam-glab
1557 1727 1790 1777 apertum·

213 1804 279 1845 21.
330 1819 404 1845 NEC
425 1818 496 1844 ivos
526 1817 657 1842 OBNITI
678 1816 822 1842 CONTRA
853 1795 961 1839 κατὰ
999 1797 1079 1839 τοῦ
1118 1792 1272 1838 αὐτοῦε
1311 1796 1539 1849 sufficiebat
1574 1795 1682 1836 enim
1720 1798 1793 1836 aut

95 1874 263 1929 εοὒηῑῖιέἵ,
289 1877 362 1915 aut
387 1872 543 1914 ‘contra
562 1863 669 1912 mbi'ſs
759 1881 975 1911 TENDERE
1003 1883 1080 1923 pro
1110 1866 1414 1909 econtendere':
1443 1866 1686 1920 aphaeresis
1715 1870 1790 1907 est.

210 1963 369 1988 TANTVM
396 1948 468 1986 aut
498 1946 697 1997 quantum
729 1942 898 1983 adversa
924 1943 1132 1993 tempestas
1157 1940 1272 1990 valet,
1298 1942 1371 1980 aut
1397 1937 1598 1979 ‘tantum'
1624 1951 1704 1990 pro
1731 1936 1791 1978 ‘in

97 2015 289 2071 lantum’,
320 2020 366 2058 w}
384 2015 453 2069 <II
476 2015 585 2068 776>
605 2014 722 2067 quid
753 2015 941 2054 tamam
966 2013 1143 2053 insano
1167 2012 1310 2052 iuvat
1333 2009 1591 2062 imlulyere
1616 2009 1790 2050 dolori.
1818 2016 1860 2046 ²25

213 2088 281 2129 22.
332 2103 565 2129 srpmcmws
603 2085 667 2126 hic
705 2084 962 2137 simpliciter,
1003 2083 1103 2124 alibi
1143 2081 1455 2123 subministrare
1492 2079 1713 2133 siqniftcat‚
1744 2082 1790 2119 w}

95 2159 296 2211 sufficit
325 2171 548 2199 umorem.
669 2165 917 2205 SEQVAMVR
948 2153 1168 2195 fortunam
1201 2151 1375 2193 scilicet.

1816 599 1835 628 σε

193 2337 211 2368 1
240 2334 277 2368 et
295 2333 404 2378 pede]
432 2344 558 2378 georg.
578 2332 630 2366 ΠΙ
643 2335 710 2366 499
730 2332 742 2376 ΙΙ
761 2335 782 2365 4
809 2329 896 2364 dum
922 2330 1044 2375 mane]
1072 2339 1195 2374 georg.
1218 2328 1267 2362 ΙΙΙ
1281 2330 1348 2362 325
1369 2328 1380 2371 ΙΙ
1400 2331 1420 2361 8
1441 2326 1605 2370 Plautus]
1629 2325 1787 2360 mostell.

95 2382 146 2416 ΙΙΙ
172 2385 205 2425 2,
231 2385 276 2415 80
296 2382 307 2425 ΙΙ
326 2384 371 2414 20
397 2381 542 2426 denset]
569 2391 692 2425 georg.
721 2380 735 2412 l
761 2382 828 2413 419
848 2379 860 2422 ΙΙ
885 2381 927 2412 27
956 2376 1107 2422 sufficit]
1134 2386 1260 2421 georg.
1287 2375 1321 2409 ΙΙ
1346 2378 1415 2409 424

194 2551 209 2581 1
238 2557 373 2581 nomen
399 2574 406 2581 .
434 2573 441 2580 .
470 2573 476 2579 .
503 2545 542 2579 in
569 2544 801 2590 aduerbium]
839 2554 971 2578 nomen
1003 2542 1098 2577 enim
1135 2542 1172 2576 et
1204 2540 1421 2576 aduerbium
1448 2540 1662 2584 plerumque
1690 2538 1727 2571 in
1755 2549 1792 2572 se

97 2594 323 2629 transferunt
343 2593 382 2627 F
416 2592 566 2628 nomina
592 2592 689 2627 enim
715 2590 932 2626 aduerbium
957 2590 1173 2635 plerumque
1197 2588 1235 2622 in
1255 2600 1293 2622 se
1313 2587 1538 2622 transferunt
1560 2588 1597 2620 et
1617 2585 1793 2619 aduerbia

97 2653 231 2676 nomen
253 2641 282 2676 G
297 2642 310 2685 ΙΙ
328 2645 348 2675 2
375 2640 413 2674 in
439 2639 672 2685 adverbium]
699 2639 746 2674 ad
772 2638 988 2673 aduerbium
1008 2637 1051 2671 N
1065 2638 1076 2681 ΙΙ
1096 2641 1116 2671 3
1142 2639 1361 2679 torvumque
1383 2665 1389 2670 .
1408 2664 1414 2670 .
1432 2662 1438 2668 .
1459 2635 1549 2668 item
1576 2632 1791 2667 adverbium

97 2700 161 2724 om.
190 2689 229 2723 F
262 2690 305 2723 ut
329 2689 548 2731 toruumque
576 2687 622 2722 ΟΖ
647 2689 659 2731 ΙΙ
690 2691 711 2720 4
737 2686 775 2720 in
799 2696 932 2720 nomen
957 2696 1023 2719 om.
1050 2684 1095 2718 H
1114 2686 1125 2729 ΙΙ
1155 2683 1310 2728 factum]
1339 2683 1376 2716 et
1401 2682 1540 2716 factum
1566 2681 1606 2714 F
1627 2681 1639 2724 ΙΙ
1671 2683 1691 2713 5
1717 2679 1791 2713 iam

99 2736 191 2781 cras]
218 2748 332 2770 unum
360 2735 390 2770 G
410 2736 422 2780 ΙΙ
453 2734 546 2780 cras]
574 2745 680 2770 ueras
706 2733 745 2767 F
770 2734 781 2778 ΙΙ
813 2732 1039 2778 hesternum]
1066 2732 1279 2766 hesternum
1306 2741 1350 2764 en
1376 2729 1415 2763 F
1453 2729 1626 2763 hesterna
1653 2727 1696 2760 Il
1728 2726 1790 2760 he-

1469 2796 1599 2818 ‚aniusqz

98 2831 260 2865 sternum
285 2830 358 2865 heu
382 2829 519 2864 Daniel
537 2830 548 2874 ΙΙ
569 2827 835 2863 consumsimus
862 2826 974 2871 FHu
1001 2831 1019 2861 7
1046 2824 1267 2861 declinabile
1295 2824 1337 2858 H
1353 2826 1363 2869 11
1390 2828 1409 2857 8
1437 2823 1567 2857 amad
1596 2833 1790 2865 uesperum

97 2878 141 2911 N
179 2878 525 2921 animaduesperum
552 2876 595 2910 H
627 2877 638 2920 ΙΙ
676 2875 791 2920 mani]
827 2886 848 2908 a
874 2877 905 2908 et
930 2874 942 2908 i
967 2875 1008 2908 in
1032 2884 1103 2909 νας.
1131 2874 1143 2907 l
1173 2874 1184 2917 Η
1221 2883 1413 2916 uesperam
1443 2870 1473 2905 G
1499 2871 1509 2914 Η
1547 2881 1568 2903 a
1594 2868 1692 2903 mani
1719 2867 1759 2901 F
1781 2871 1790 2913 1Ὶ

99 2929 118 2959 9
145 2925 326 2969 triptoton
353 2925 484 2968 scripsi
492 2938 501 2957 .·
527 2925 740 2966 teti-atopon
766 2922 805 2955 F
839 2923 1070 2966 tetraptoton
1097 2921 1224 2964 reliqui
1243 2921 1253 2963 ΙΙ
1273 2930 1345 2954 non
1371 2930 1435 2952 om.
1458 2917 1495 2951 F
1503 2917 1533 2951 C
1549 2918 1559 2961 1}
1591 2921 1632 2950 10
1660 2916 1788 2950 harum

101 2971 131 3006 O
156 2973 166 3016 ΙΙ
202 2971 360 3007 transiei·
386 2971 425 3006 F
454 2973 464 3016 ΙΙ
504 2975 545 3005 11
572 2970 608 3004 in
636 2969 835 3003 declinatio
862 2969 941 3012 (sic)
966 2969 1159 3003 dumtaxat
1186 2967 1223 3000 F
1248 2968 1258 3011 ΙΙ
1296 2977 1378 3000 narn
1406 2967 1613 3008 temporum
1641 2974 1788 2997 suoi-mn

98 3020 281 3054 rationem
307 3020 498 3054 reseruant
523 3017 562 3052 F
578 3019 589 3062 ΙΙ
617 3020 658 3051 16
686 3016 773 3061 quo]
802 3015 899 3060 quod
926 3015 965 3049 F
981 3017 991 3061 ΙΙ
1020 3019 1061 3049 18
1088 3015 1164 3049 dies
1192 3016 1244 3048 est
1275 3014 1320 3047 Τ.·
1346 3012 1423 3046 dies
1450 3012 1488 3045 F
1505 3013 1515 3056 ΙΙ
1540 3011 1626 3045 satit
1651 3010 1690 3043 F
1706 3011 1717 3054 ΙΙ
1743 3013 1786 3043 21

99 3065 234 3101 scindis
255 3066 294 3099 F
309 3068 320 3111 11
340 3067 464 3101 aetera
484 3066 522 3099 F
539 3067 549 3110 ΙΙ
569 3066 699 3109 parcat
725 3063 763 3097 F
779 3064 790 3108 Η
810 3067 852 3098 22
880 3059 964 3096 κατ’
994 3059 1110 3096 αὐτοῦ
1133 3061 1180 3100 F,
1205 3062 1264 3095 secl
1290 3062 1334 3102 cf.
1355 3061 1441 3094 rhet.
1463 3060 1522 3094 lat.
1546 3059 1630 3092 min,
1653 3069 1691 3101 p.
1708 3060 1787 3099 433,

99 3118 142 3147 33
164 3113 212 3147 Η.
234 3115 245 3158 ΙΙ
271 3117 315 3147 24
341 3114 390 3148 acl
414 3114 561 3147 tantum
586 3123 684 3155 supr.
711 3121 796 3145 vers.
821 3121 886 3155 pro
911 3110 949 3144 in
974 3111 1117 3144 tantum
1150 3109 1181 3142 T
1202 3110 1212 3153 11
1242 3112 1284 3142 26
1312 3108 1359 3141 ud
1385 3106 1583 3141 sufficimus
1609 3106 1649 3139 in
1674 3115 1786 3149 mary.

98 3160 159 3195 hic
186 3159 403 3206 simpliciter
430 3187 436 3193 .
465 3187 471 3194 .
500 3188 506 3194 .
534 3169 699 3194 umorem
730 3158 762 3193 T
776 3159 788 3203 ΙΙ
807 3162 849 3192 27
877 3158 1068 3192 humorem
1093 3156 1132 3190 F
