2204 3437
403 163 489 205 482
1167 163 1325 198 SERVII

401 274 632 326 potestate:
665 275 708 313 et
735 272 786 312 ab
814 286 862 313 eo
890 271 1001 326 quod
1028 271 1243 326 praecedit
1268 271 1308 312 id
1336 271 1451 325 quod
1478 271 1679 326 sequitur.
1707 289 1715 297 ·
1732 273 1810 324 [et]
1838 272 1999 313 dictum
2026 275 2092 314 est

403 357 426 383 a
453 342 651 396 comitiis,
677 343 720 383 in
748 342 901 396 quibus
926 341 1079 383 iisdem
1108 341 1310 395 auspiciis
1337 342 1482 396 creati,
1508 342 1609 383 licet
1634 357 1722 384 non
1749 342 1875 384 simul
1902 357 2092 385 crearen-

401 416 488 466 tur,
520 427 665 467 parem
696 416 842 454 tamen
874 413 1094 455 habebant
1125 413 1330 454 honorem
1363 416 1540 468 propter
1571 414 1716 455 eadem
1744 414 1950 469 auspicia:
1983 414 2092 455 unde

405 487 449 525 et
481 484 677 525 consules
708 498 832 538 pares
867 487 978 538 sunt,
1011 499 1105 526 cum
1138 498 1309 526 necesse
1341 487 1454 526 esset
1486 487 1532 526 ut
1570 500 1677 526 unus
1715 485 1832 539 prior
1869 488 2096 527 crearetur.

355 563 374 593 5
524 555 616 596 103.
666 565 867 596 PHRYGIO
890 550 1093 596 'SERVIRE
1127 566 1301 597 MARITO
1328 556 1563 610 eloquenter,
1596 556 1862 610 ἐμφατικῶς,
1895 570 1943 597 ao
1969 556 2005 597 si
2037 555 2096 597 di-

403 629 517 666 ceret
557 624 723 666 eexuli'.
790 639 873 666 non
908 626 1015 667 nulli
1052 629 1185 667 autem
1223 640 1300 679 per
1340 626 1553 678 fallaciam
1597 627 1774 668 Iunonis
1810 627 1960 668 dictum
1997 627 2096 668 acci-

395 697 530 749 piunt.
659 713 797 737 LICEAT
825 696 869 736 Γῖᾱ
898 699 955 737 est
983 709 1064 737 uon
1096 709 1249 737 neccsse
1278 696 1343 746 sit,
1374 696 1443 737 secl
1472 697 1516 737 in
1547 697 1750 739 voluntate
1780 698 1833 739 sit
1857 696 2036 739 Didonis
2060 698 2117 745 si¹

401 766 506 820 velit,
536 769 582 807 ut
611 780 739 819 supra
771 766 956 819 ‘paribus
986 765 1215 819 auspiciis’‚
1254 781 1336 808 non
1367 768 1551 820 imperio:
1584 771 1715 820 potest
1745 769 1852 809 enim
1882 768 2097 821 imperium

396 851 480 890 par
522 851 605 878 non
648 851 745 891 esse,
788 851 878 878 cum
915 839 1144 890 auspicium
1174 852 1258 891 par
1293 839 1357 879 sit.
1418 839 1495 880 alii
1539 839 1732 880 invidiose
1774 840 1925 880 (lictum
1961 839 2099 880 volunt

335 919 377 948 10
405 907 543 949 ‘liceat
574 908 751 962 Pliryyio
783 908 965 959 marito',
1005 909 1049 949 id
1084 912 1141 951 est
1177 910 1247 961 qui
1286 910 1412 951 victus
1449 913 1525 951 est:
1562 913 1600 951 et
1635 925 1717 951 non
1754 912 1862 952 (lixit
1899 910 2097 965 enuberc’,
2150 958 2153 960 ,

402 981 472 1020 secl
502 978 702 1021 ‘sm-virc'.
763 980 931 1032 quidam
970 979 1158 1021 ‘servire'
1196 981 1384 1022 dubitant
1419 984 1559 1022 utrum
1596 981 1818 1033 Didonem,
1857 997 1913 1024 an
1953 981 2098 1036 Tyrios

403 1051 564 1092 dixerit.
625 1064 722 1091 saue
758 1050 822 1091 liic
860 1052 1118 1103 coemptionis
1154 1051 1320 1104 speciem
1360 1053 1500 1105 tanyit.
1568 1054 1756 1106 coemptio
1794 1054 1901 1094 enim
1939 1057 1996 1095 est
2029 1053 2099 1094 ubi

405 1122 509 1162 libra
543 1124 661 1174 atque
691 1136 758 1163 aes
789 1121 1010 1172 adhibetur,
1043 1125 1079 1162 et
1108 1123 1256 1164 mulier
1280 1126 1397 1176 atque
1421 1124 1485 1164 vir·
1509 1124 1615 1165 inter
1644 1138 1684 1165 se
1714 1125 1833 1177 quasi
1863 1125 2099 1177 emptionem

400 1192 582 1243 faciunt:
614 1193 720 1244 Quod
748 1193 810 1232 ait
840 1193 962 1233 ctiam
992 1193 1037 1233 in
1061 1194 1199 1245 primo
1226 1195 1501 1247 yc’or·gyicor·iir›i
1529 1195 1642 1248 <31>
1675 1198 1807 1248 teque
1836 1196 1932 1237 sibi
1958 1210 2098 1249 yene-

336 1273 376 1303 15
402 1277 507 1303 rum
543 1263 716 1316 Thetys
747 1267 870 1304 emat
900 1263 1118 1304 omnibus
1150 1265 1307 1305 undis.
1377 1266 1571 1317 quoniam
1603 1267 1842 1319 coemptione
1870 1267 1982 1318 facta
2014 1281 2098 1307 mu-

404 1335 477 1375 lier
511 1335 553 1375 in
576 1337 812 1386 potestatem
843 1335 923 1374 viri
959 1335 1060 1375 cedit
1098 1338 1216 1387 atque
1248 1336 1305 1375 ita
1342 1337 1511 1377 sustinet
1548 1337 1718 1389 [liberis]
1752 1338 2018 1379 conditionem
2051 1338 2097 1378 li-

404 1406 518 1447 berae
547 1405 760 1458 servitutis,
786 1405 845 1444 ait
873 1405 1013 1456 [enim]
1044 1404 1181 1446 ‘liceat
1205 1405 1387 1459 Pliryyio
1411 1408 1560 1448 servire
1585 1407 1755 1449 marito'
1781 1412 1818 1449 et
1842 1410 1888 1450 in
1908 1410 2102 1462 yeoryicis

404 1476 451 1528 <1
484 1476 567 1529 30>
601 1476 691 1516 tibi
727 1476 913 1517 serviat
948 1476 1124 1516 ultima
1166 1477 1204 1516 T
1207 1476 1327 1519 liule.
1388 1492 1542 1530 quoque
1579 1480 1711 1520 omnis
1748 1480 1821 1520 iste
1857 1494 1942 1521 mos
1979 1494 2099 1521 coem-

396 1548 555 1601 ptionis
596 1550 633 1587 et
671 1547 774 1587 citra
816 1547 995 1587 nominis
1036 1549 1375 1600 mmeupatzouem
1413 1549 1516 1590 dotis
1553 1551 1672 1591 datae
1709 1551 1915 1592 taxatione
1945 1552 2100 1604 mpedi-

334 1627 378 1657 20
404 1622 525 1669 retur,
556 1632 657 1671 quae
688 1632 751 1659 res
781 1618 826 1658 in
857 1631 1027 1658 manum
1058 1620 1261 1659 conventio
1293 1620 1462 1674 (licitur,
1492 1620 1704 1662 subiunxit
1735 1620 1979 1674 ‘dotalesque
2010 1625 2102 1664 tuae

408 1690 554 1743 Tyrios
577 1689 810 1742 permittere
841 1688 1036 1730 (lextrae’.
1085 1690 1185 1742 quicl
1213 1693 1271 1731 est
1300 1691 1408 1731 enim
1438 1691 1555 1748 aliud
1585 1689 1618 1746 (e
1629 1692 1878 1746 permittere)
1905 1692 2095 1744 cleatme’,

403 1775 527 1814 quam
558 1761 603 1802 in
633 1773 803 1801 manum
834 1760 1070 1801 convenire?
1101 1775 1204 1813 quae
1234 1762 1436 1803 conventio
1469 1776 1509 1802 eo
1541 1764 1626 1804 ritu
1650 1765 1882 1817 perficitur,
1914 1766 1961 1805 ut
1989 1778 2098 1816 aqua

405 1836 441 1873 et
470 1832 558 1885 ifjni
589 1832 792 1885 adhibitis,
824 1831 976 1872 duobus
1007 1832 1200 1873 maximis
1231 1833 1441 1887 elementis,
1467 1837 1619 1874 natura
1643 1835 1858 1892 coniuncta
1882 1834 2100 1876 habeatur:

404 1917 506 1956 quae
536 1916 598 1944 res
628 1904 684 1944 acl
710 1903 916 1954 farreatas
947 1903 1114 1955 nuptias
1139 1904 1329 1956 pertinet,
1360 1904 1504 1956 quibus
1539 1905 1749 1956 flaminem
1780 1901 1816 1946 ct
1845 1906 2100 1958 flaminieam

335 1982 378 2011 25
408 1976 493 2015 iure
515 1975 725 2027 pontificio
751 1975 796 2014 in
826 1974 1135 2014 matrimonium
1165 1988 1316 2016 necesse
1351 1978 1408 2016 est
1451 1977 1670 2017 conuenire.
1729 1977 1933 2018 sciendum
1969 1980 2103 2018 tamen

406 2047 451 2086 in
481 2045 555 2086 liac
585 2045 839 2086 conventione
871 2044 1029 2086 Aeneae
1060 2048 1178 2098 atque
1209 2044 1388 2087 Didonis
1418 2046 1561 2099 ubique
1601 2047 1822 2100 Veryilium
1852 2048 1898 2089 in
1921 2062 2099 2101 persona

407 2117 565 2158 Aeneae
595 2116 821 2169 flaminem,
852 2117 897 2156 in
929 2116 1107 2158 Didonis
1137 2117 1391 2168 flaminicam
1416 2121 1688 2170 praesentare.

530 2187 622 2228 104.
673 2198 884 2228 Do'rALEs
919 2199 1084 2229 TYRios
1118 2188 1304 2241 regalem
1338 2188 1547 2242 spectavit
1580 2203 1818 2242 personam.
1912 2202 2100 2231 PERMIT-

410 2269 525 2298 TERE
558 2269 773 2298 DEXTRAE
805 2257 928 2312 quasi
960 2272 1036 2310 per
1068 2272 1218 2298 manus
1252 2258 1594 2301 conventionem:
1629 2260 1858 2301 secundum
1889 2260 1956 2301 ius
1989 2261 2101 2302 locu-

339 2336 382 2366 30
408 2332 478 2369 tus
511 2332 586 2369 est.

506 2413 521 2442 1
545 2410 582 2443 et
602 2413 683 2443 (mle
703 2409 748 2443 ab
769 2420 811 2443 eo
838 2421 902 2442 om.
919 2409 957 2442 F
973 2410 984 2452 ΙΙ
1004 2408 1172 2453 procedit
1192 2409 1223 2442 L
1243 2411 1254 2452 ΙΙ
1274 2410 1454 2456 sequitur]
1482 2410 1681 2454 requiritur
1701 2412 1744 2445 H
1759 2413 1770 2455 ΙΙ
1790 2414 1827 2445 et
1852 2415 1935 2446 ante
1961 2411 2100 2446 dictum

410 2469 474 2490 om.
498 2457 575 2489 NJ.
587 2456 626 2489 II
643 2459 654 2499 Η
674 2456 822 2490 ductum
858 2456 1055 2490 Vossianus
1080 2456 1292 2491 Burmanni
1317 2460 1347 2490 et
1374 2457 1572 2492 Fabricius
1591 2460 1603 2501 ΙΙ
1630 2463 1648 2492 2
1677 2458 1846 2493 comotiis
1874 2459 1940 2502 FH
1958 2459 2100 2494 hisdem

410 2505 494 2538 libri
519 2505 530 2548 ΙΙ
556 2508 575 2537 5
601 2516 752 2537 mmmm
780 2516 921 2537 smevnuz
948 2516 1077 2537 murro
1105 2504 1321 2547 eloquenter
1349 2532 1355 2538 .
1384 2533 1390 2539 .
1420 2533 1426 2538 .
1454 2508 1686 2549 praesentare
1712 2507 1841 2541 liabent
1872 2507 1903 2539 T
1924 2507 1963 2540 in
1989 2518 2100 2551 mary.

409 2563 487 2595 sup.
515 2554 546 2584 ct
573 2551 836 2584 Ambrosianus
856 2553 866 2593 ΙΙ
886 2550 1062 2584 enfaticos
1089 2551 1174 2584 libri
1191 2552 1204 2595 Η
1231 2555 1248 2585 7
1277 2552 1313 2585 id
1339 2555 1395 2586 est
1421 2564 1486 2587 om.
1514 2553 1677 2587 Ambros.
1698 2554 1748 2595 118
1776 2553 1883 2588 uellit
1908 2554 2070 2588 Amor-os.

411 2603 430 2632 9
457 2598 603 2641 uoluntl
632 2598 765 2641 putant
790 2598 952 2631 Ambros.
973 2598 985 2641 Η
1008 2602 1048 2631 10
1075 2598 1231 2641 phrygio
1258 2598 1290 2633 ,Κ
1318 2599 1449 2633 marito
1476 2600 1506 2632 T
1522 2600 1534 2644 ΙΙ
1554 2601 1591 2633 et
1609 2611 1674 2634 om.
1692 2600 1899 2634 FAmbros.
1920 2602 1931 2644 ΙΙ
1953 2605 1993 2634 12
2015 2612 2100 2636 sane

411 2645 488 2690 hic]
515 2645 610 2679 hanc
637 2645 722 2678 hinc
749 2645 911 2678 Ambros.
931 2645 943 2688 Η
970 2649 1011 2678 13
1040 2644 1150 2688 libra!
1179 2644 1314 2679 librata
1340 2646 1380 2679 F
1401 2649 1411 2689 ΙΙ
1437 2647 1532 2681 inter
1558 2646 1610 2692 se]
1638 2646 1675 2680 in
1702 2658 1739 2681 se
1767 2648 1902 2681 Daniel
1923 2649 2066 2692 primus
2099 2649 2101 2687 f

411 2692 681 2735 coemptionem
708 2691 870 2725 Ambros.
897 2693 908 2735 ΙΙ
946 2697 983 2724 14
1010 2703 1056 2725 an
1082 2693 1134 2725 vel
1160 2692 1211 2726 ait
1239 2693 1350 2726 otiam
1378 2694 1431 2727 F:
1459 2694 1569 2728 etiam
1602 2694 1632 2726 T
1668 2696 1752 2728 ante
1778 2693 1852 2728 iam
1879 2694 2042 2729 Ambros.
2070 2699 2101 2729 et

414 2740 547 2773 Daniel
565 2741 576 2782 ΙΙ
599 2743 639 2772 15
667 2738 779 2773 tcthis
805 2739 836 2772 T
850 2740 862 2782 ΙΙ
887 2744 924 2771 1ιὶ
952 2739 1136 2781 potestate
1157 2739 1235 2771 1⁸1·
1252 2741 1263 2783 ΙΙ
1282 2739 1352 2785 ita]
1380 2740 1446 2775 illa
1465 2742 1626 2775 Ambros.
1647 2743 1659 2785 Η
1678 2741 1803 2776 liberis
1829 2753 1894 2777 om.
1915 2743 2074 2777 Ambros.

412 2786 550 2820 liberae
584 2787 765 2820 Ambros:
804 2786 909 2819 liberi
944 2785 1036 2827 FT,
1074 2797 1287 2829 quamquam
1321 2788 1428 2822 liberi
1462 2800 1543 2822 seru
1576 2789 1615 2822 in
1647 2800 1718 2823 ras,
1750 2789 1788 2822 T.
1828 2793 1978 2823 ceterum
2008 2790 2102 2833 qaod

413 2833 574 2868 Ambros.
598 2834 746 2877 praebet
773 2834 862 2867 idem
892 2833 1060 2866 Pithoeus
1086 2834 1233 2867 coniecit
1260 2836 1307 2867 ad
1332 2836 1421 2869 conl.
1449 2836 1502 2879 les]
1538 2836 1688 2870 Mos-aio.
1712 2836 1764 2869 tit.
1787 2835 1870 2870 XVI
1895 2837 1907 2879 ΙΙ
1936 2840 1976 2870 17
2004 2836 2102 2870 enim

412 2881 549 2914 seclusi.
595 2882 632 2914 et
656 2880 715 2914 hic
744 2880 788 2914 F.
813 2881 1008 2914 Ncltocllius
1033 2880 1045 2923 ΙΙ
1073 2881 1109 2913 et
1133 2879 1169 2913 in
1196 2881 1392 2927 georgicis]
1421 2884 1456 2917 et
1482 2882 1572 2916 alibi
1602 2883 1634 2916 T
1655 2884 1667 2927 ΙΙ
1700 2887 1741 2917 18
1769 2882 1870 2925 thyle
1896 2882 1976 2916 FT
2010 2883 2101 2918 thile

412 2928 576 2962 Ambros.
596 2928 671 2971 1120
698 2926 888 2971 subiungit
914 2927 1074 2961 Λητὼ-ωε.
1097 2927 1169 2970 1121
1198 2928 1409 2971 permittere
1436 2930 1579 2964 ‹aldislit
1605 2930 1808 2963 Masvicius
1826 2931 1838 2974 ΙΙ
1863 2934 1905 2963 23
1933 2929 2100 2965 adhibito

413 2975 574 3008 Ambros.
596 2976 607 3018 ΙΙ
627 2974 773 3019 natura]
801 2976 842 3008 ut
867 2975 997 3008 natura
1021 2974 1052 3008 Τ
1065 2975 1078 3018 ΙΙ
1104 2979 1147 3007 24
1167 2974 1362 3021 farreatas]
1388 2976 1574 3010 faciendas
1593 2976 1756 3011 Ambros.
1777 2977 1788 3020 ΙΙ
1814 2981 1857 3010 25
1878 2976 2101 3011 matronium

414 3021 452 3054 F
474 3022 485 3064 ΙΙ
517 3021 709 3055 convenire
742 3032 888 3056 necesse
922 3023 977 3056 est
1003 3021 1165 3056 Ambros.
1193 3023 1204 3064 ΙΙ
1233 3026 1274 3056 27
1303 3022 1339 3056 in
1365 3034 1429 3057 om.
1458 3024 1621 3057 Ambros.
1647 3025 1658 3067 ΙΙ
1687 3027 1730 3058 28
1756 3023 1895 3067 regiam
1923 3023 1961 3057 F
1983 3025 1994 3068 ΙΙ
2020 3028 2102 3059 ante

415 3068 596 3111 spectavit
621 3069 726 3102 (lucer.
754 3069 903 3102 litterar.
932 3079 1002 3102 ras.
1023 3069 1063 3102 in
1084 3068 1115 3101 L
1127 3069 1170 3101 M
1189 3069 1200 3112 ΙΙ
1220 3072 1262 3102 29
1291 3070 1370 3115 per]
1397 3081 1460 3114 per
1486 3071 1523 3104 in
1550 3071 1640 3105 coni.
1657 3070 1754 3104 Lion
1772 3071 1784 3115 ΙΙ
1804 3070 2100 3117 conventionem]

416 3114 646 3158 coeptionem
675 3114 714 3148 F
748 3115 1043 3150 coniunctionem
1069 3115 1273 3159 Stephanus
1292 3117 1303 3161 ss
1323 3116 1377 3151 ius
1404 3129 1468 3152 om.
1496 3118 1534 3152 F
