2204 3437
444 166 528 206 214
1209 165 1366 200 SERVII

562 275 598 317 8.
651 290 853 316 TEMPERET
880 274 1089 316 abstineat.

560 345 598 386 9.
648 355 950 386 PRAECIPITAT
981 359 1059 398 pro
1091 344 1417 398 praecipitatur:
1456 344 1633 385 verbum
1664 357 1742 397 pro
1773 344 1921 398 verbo,
1953 348 2002 387 ut
2034 346 2138 387 dixi-

445 430 549 457 mus.
669 417 706 455 et
741 414 845 455 duas
881 428 1027 456 causas
1062 415 1310 467 praetendit,
1353 414 1497 467 quibus
1537 414 1634 455 dicit
1671 427 1754 455 non
1789 428 1907 467 posse
1947 417 2139 458 universa

445 486 631 539 narrari,
669 484 846 525 dolorem
877 487 914 525 et
947 488 1111 537 tcmfms.
1233 496 1469 525 CADENTIA
1502 495 1668 526 SIDERA
1708 486 1781 526 aut
1820 485 2043 539 epitheton
2075 489 2140 528 est

397 567 417 597 5
445 557 650 609 siderum,
689 569 796 609 quae
835 569 1001 609 semper
1040 559 1081 596 et
1114 556 1309 597 oriuntur
1341 557 1384 597 et
1416 556 1631 610 occidunt3
1671 558 1745 597 aut
1782 559 1896 598 certe
1934 558 2140 599 maiorem

444 630 609 682 partem
641 625 778 666 noctis
812 626 905 667 vult
937 640 1029 667 esse
1061 629 1338 668 transactam.
1392 640 1470 679 per
1500 627 1635 668 sidera
1665 630 1801 668 autem
1830 631 1983 669 noctem
2013 629 2140 681 siqni-

443 700 555 752 fimat,
586 711 688 751 qnae
718 710 877 738 somnos
906 698 1086 738 suadeat.
2139 754 2147 755 ἶ

567 769 630 809 10.
688 779 826 810 CASVS
872 779 1173 810 COGNOSCERE
1221 768 1613 822 cognoscendorum
1657 783 1850 810 casuum:
1895 772 1936 810 et
1980 769 2142 811 Graeca

446 841 584 894 figura
616 842 692 880 est.
742 838 888 881 ‘casus’
921 843 1055 880 antem
1083 839 1311 892 fortunam,
1342 839 1551 891 perz'eula;
1584 853 1682 880 nam
1716 840 1753 881 si
1786 839 1983 882 ‘mortem'
2015 841 2140 882 dimis-

377 920 420 950 10
445 915 518 962 set,
552 908 813 952 ‘nostrornm'
846 910 980 951 debuit
1012 911 1148 951 dicere.

568 982 632 1022 11.
687 992 746 1021 ET
790 992 1024 1033 BREVITER
1067 980 1340 1035 praescribit,
1385 980 1484 1035 quia
1523 980 1635 1021 Dido
1679 980 1846 1022 dixerat
1883 981 1931 1034 <I
1965 981 2076 1036 753>
2118 997 2143 1023 a

447 1052 611 1108 prima
642 1052 738 1105 dic7
778 1051 982 1106 hospes,
1015 1051 1222 1105 origine
1255 1051 1412 1092 nobis.
1475 1066 1565 1105 cryc
1597 1066 1680 1093 non
1710 1053 1766 1093 ad
1793 1052 1974 1094 Didonis
2004 1053 2142 1094 volun-

448 1127 585 1173 tatem,
623 1123 692 1164 sed
726 1123 940 1163 narrantis
978 1122 1170 1174 officiunt.
1231 1125 1269 1162 et
1297 1122 1537 1174 quibusdam
1573 1121 1638 1163 hie
1668 1122 1935 1176 hysteroloffz'a
1965 1123 2142 1173 videtum

442 1195 563 1247 prius
600 1194 707 1235 enim
745 1196 817 1243 est,
855 1196 901 1233 nt
934 1193 1080 1234 Troiae
1118 1193 1309 1242 laborem,
1343 1196 1438 1245 post
1473 1192 1635 1233 Aeneae
1671 1206 1788 1234 casus
1824 1197 2024 1246 aynoseat.

379 1275 421 1306 15
449 1281 661 1306 svmmvm
687 1267 954 1317 postrennnn,
990 1263 1182 1303 ultimum
1218 1263 1325 1303 (licit.
1387 1263 1626 1304 eversionem
1663 1264 1771 1304 enim
1806 1263 1952 1305 Troiae
1984 1267 2144 1306 tantum

448 1336 607 1377 omissis
637 1334 912 1388 superioribus
942 1337 1101 1374 narrat.

571 1407 634 1447 12.
685 1416 947 1455 QVAMQVAM
973 1415 1146 1445 ANIMVS
1173 1405 1420 1445 MEMINI'SSE
1448 1414 1634 1445 HORRET
1668 1403 1960 1459 ‘quamquam'
1993 1405 2145 1447 melius

447 1476 665 1532 praesenti
703 1476 895 1530 iungitur
932 1474 1134 1528 tempori,
1172 1474 1220 1515 u't
1258 1473 1539 1528 equamquam
1580 1474 1684 1528 scio,
1723 1489 1982 1529 quamquam
2014 1475 2146 1530 lego'.

450 1547 561 1602 quod
595 1550 738 1589 autem
772 1546 880 1587 dixit
913 1545 1179 1587 ‘meminisse
1211 1544 1379 1586 horret'
1413 1544 1613 1586 defectivi
1644 1545 1763 1586 verbi
1801 1546 1913 1587 ratio
1947 1549 2030 1600 est3
2069 1561 2147 1588 nec

379 1629 423 1658 20
451 1619 563 1659 enim
596 1618 738 1672 potuit
770 1617 907 1658 dicere
942 1615 1217 1657 ‘meminere’.
1268 1618 1310 1657 et
1341 1616 1386 1657 in
1418 1616 1485 1656 his
1519 1630 1627 1670 quae
1661 1620 1862 1670 corrupta
1894 1619 1994 1657 sunt
2024 1619 2146 1658 natu-

450 1689 616 1742 raliter,
648 1691 696 1730 ut
723 1687 824 1729 ‘odi’
858 1686 989 1728 ‘novi'
1020 1685 1226 1727 ‘memini'
1255 1689 1297 1727 et
1324 1686 1484 1740 omnia,
1516 1689 1713 1740 tempora
1739 1700 1846 1740 quae
1873 1687 2147 1729 inveniuntur

451 1762 493 1801 et
532 1774 606 1800 suo
647 1761 689 1800 et
727 1758 908 1800 aliorum
945 1757 1183 1811 funguntur
1221 1756 1380 1811 officio,
1418 1759 1466 1797 ut
1505 1756 1713 1798 ‘memini'
1751 1757 2032 1811 praeteritum
2072 1760 2148 1813 est,

450 1831 632 1885 legimus
665 1832 811 1871 tamen
839 1831 882 1870 et
913 1828 1115 1869 memini
1149 1828 1341 1881 videre,
1374 1842 1468 1882 quo
1502 1827 1714 1882 aequior
1747 1843 1852 1869 sum
1877 1827 2146 1882 Pamphilo

452 1904 494 1942 et
526 1901 731 1942 memini
764 1915 836 1941 me
864 1900 1096 1941 turribus
1125 1899 1249 1940 altis
1277 1897 1549 1953 Corycium
1575 1898 1772 1940 vidisse
1805 1913 1984 1940 senem.
2035 1900 2146 1953 quod

382 1981 424 2012 25
442 1972 489 2013 si
516 1973 564 2012 fit
591 1975 633 2012 et
659 1971 702 2011 in
729 1971 869 2011 verbis
896 1970 1097 2023 integris,
1130 1971 1176 2010 ut
1203 1968 1293 2021 <III
1315 1969 1428 2022 282>
1455 1969 1596 2010 iuvat
1623 1969 1849 2010 evasisse
1875 1971 1955 2010 tot
1979 1970 2148 2024 urbes,

453 2045 613 2096 quanto
647 2042 785 2095 magis
818 2041 861 2081 in
895 2040 1135 2093 corruptis?
1256 2051 1457 2081 REFVGIT
1496 2041 1671 2093 propter
1703 2042 1885 2081 metrum
1918 2055 1994 2093 pro
2027 2055 2147 2094 prae-

453 2113 563 2154 senti
594 2111 875 2166 praeteritum
909 2110 1065 2165 posuit.

574 2184 637 2224 13.
687 2200 865 2224 memmi!
902 2183 1006 2223 deest
1046 2180 1224 2234 ‘tcznzen'‚
1263 2183 1378 2234 quia,
1420 2195 1511 2222 eum
1544 2181 1816 2235 praeponitur
1858 2180 2148 2236 ‘quamquam',

547 2302 567 2332 8
595 2298 932 2343 cognoscendorum
959 2297 1125 2342 casuum]
1155 2297 1197 2331 cf.
1221 2297 1380 2332 Macrob.
1403 2297 1436 2333 d.
1458 2296 1532 2331 diff.
1560 2298 1596 2331 ct
1622 2308 1692 2331 soc.
1720 2308 1773 2341 gr.
1795 2297 1860 2332 lat.
1881 2309 1913 2341 q.
1934 2297 2037 2332 verbi
2063 2297 2146 2333 XIX

454 2351 495 2381 31
534 2347 545 2390 ΙΙ
583 2350 626 2379 20
661 2348 697 2379 et
728 2346 765 2378 in
798 2345 853 2379 his
885 2356 914 2379 e.
943 2357 975 2389 q.
1005 2345 1048 2389 s]
1083 2345 1126 2379 cf.
1157 2344 1274 2379 Servii
1309 2344 1460 2389 [Sergii]
1494 2355 1624 2378 comm.
1660 2343 1697 2377 in
1729 2344 1820 2379 Don.
1854 2356 1888 2388 p.
1916 2348 1995 2387 437,
2025 2349 2038 2378 1
2069 2345 2110 2380 K.
2138 2345 2148 2383 l]

453 2398 496 2427 23
524 2392 675 2427 memini
706 2392 847 2437 videre]
882 2392 963 2425 Ter.
993 2392 1101 2425 Andr.
1131 2392 1158 2425 11
1187 2396 1224 2436 5,
1253 2395 1306 2426 18.
1359 2392 1403 2425 cf.
1431 2391 1522 2425 Don.
1553 2391 1598 2424 ad
1625 2391 1722 2424 hunc
1754 2403 1845 2425 vers,
1878 2391 1889 2435 ΙΙ
1927 2395 1971 2425 24
1997 2391 2148 2426 memini

453 2441 527 2484 me]
555 2451 678 2484 georg.
708 2439 756 2472 IV
785 2443 850 2473 125
1139 2456 1145 2461 -

551 2550 566 2579 1
596 2547 644 2580 ced
672 2557 699 2579 r.
727 2550 747 2579 8
781 2545 994 2590 Temperet]
1029 2544 1223 2579 abstineat.
1255 2544 1290 2577 P
1318 2545 1329 2588 ΙΙ
1360 2548 1380 2577 2
1408 2545 1456 2578 ad
1483 2556 1511 2577 υ.
1539 2548 1558 2577 9
1591 2543 1833 2588 Praecipitat]
1870 2543 2146 2588 praecipitatur.

455 2593 605 2627 verbum
641 2604 706 2636 pro
738 2592 860 2627 verbo.
913 2592 1090 2625 Cadentia
1116 2591 1250 2636 sidera]
1285 2592 1349 2625 aut
1381 2591 1574 2634 epitheton
1602 2617 1608 2623 .
1636 2617 1643 2623 .
1673 2618 1679 2623 .
1707 2590 1871 2624 suadeat.
1902 2591 1937 2624 P
1965 2592 1977 2635 ΙΙ
2008 2590 2148 2625 dictum

456 2642 511 2674 est
539 2639 634 2683 0116
663 2638 756 2684 vult]
785 2639 875 2672 dicit
904 2639 937 2671 1¹
953 2639 965 2682 ll
985 2643 1004 2673 8
1031 2639 1080 2673 cccl
1105 2650 1135 2673 v.
1166 2642 1206 2671 10
1228 2642 1257 2672 ec
1282 2642 1319 2671 11
1351 2636 1462 2671 Casus
1490 2636 1726 2681 cognoscere]
1754 2637 1957 2681 fortunam,
1984 2637 2148 2683 pericula

455 2686 695 2731 (periculam).
739 2688 776 2720 et
800 2685 971 2720 bre-niter.
1024 2685 1259 2730 Supremum]
1287 2686 1532 2729 postremum,
1559 2683 1740 2719 ultimum.
1772 2684 1807 2717 P
1840 2685 1852 2729 Η
1890 2687 1909 2718 8
1937 2686 1993 2719 est
2024 2687 2148 2719 autem

455 2745 565 2777 greca
590 2734 708 2777 figura
729 2732 784 2777 011
808 2737 844 2766 11
870 2732 1104 2776 praescripsit
1125 2732 1153 2765 Ο
1170 2733 1181 2776 ΙΙ
1206 2736 1243 2765 12
1272 2743 1293 2765 a
1318 2731 1437 2775 prima
1458 2732 1503 2765 C.-
1528 2731 1649 2775 prima
1668 2731 1852 2764 LHME
1870 2733 1881 2775 ΙΙ
1903 2735 1943 2765 15
1966 2744 2148 2766 svmzmivm

458 2780 501 2813 (7²
529 2782 540 2823 ΙΙ
572 2784 615 2814 20
643 2784 836 2823 corruptae
864 2779 943 2812 LE
970 2779 981 2823 ΙΙ
1012 2778 1230 2813 naturaliter
1256 2789 1310 2812 omv
1350 2778 1379 2813 C
1403 2779 1414 2822 ΙΙ
1446 2783 1488 2812 21
1516 2777 1601 2813 novi
1627 2777 1732 2822 coepi
1758 2777 1908 2812 memini
1933 2779 2038 2821 vulqo
2069 2780 2080 2823 l]
2112 2780 2149 2813 et

456 2827 579 2861 omnia
609 2827 635 2860 L
647 2828 702 2868 Η,
735 2838 798 2863 om.
829 2826 857 2860 O
899 2825 1022 2859 onmia
1051 2826 1159 2859 ME!
1190 2828 1201 2869 ΙΙ
1232 2826 1414 2871 tempora]
1451 2825 1522 2860 duo
1554 2827 1723 2869 tempora
1750 2825 1779 2859 G
1813 2826 1824 2868 ΙΙ
1862 2829 1904 2859 22
1932 2825 2095 2869 fungitur
2121 2825 2152 2860 C

455 2874 670 2918 (funguntur
693 2873 748 2917 02)
769 2875 840 2917 {lut
864 2873 1013 2907 memini
1040 2872 1163 2906 uidere
1191 2884 1262 2915 quo
1289 2872 1416 2916 ‹rquior
1442 2885 1521 2907 sum
1547 2872 1738 2916 pamphilo
1764 2871 2006 2916 praeteritum
2031 2874 2087 2907 est
2113 2874 2150 2907 et

456 2917 606 2955 memini
639 2921 814 2956 coricium
848 2921 913 2963 (sic
940 2920 984 2954 C‘2
1010 2919 1165 2953 coicium
1193 2920 1236 2961 (J)
1266 2919 1401 2953 uidisse
1434 2930 1557 2954 senem
1591 2930 1662 2962 quo
1694 2919 1736 2953 fit
1767 2920 1804 2953 et
1830 2918 1860 2953 C
1887 2919 1899 2963 ΙΙ
1936 2923 1980 2953 23
2007 2919 2146 2964 videre]

457 2968 581 3002 uidere
602 2979 621 3002 o
643 2968 685 3001 H
701 2969 712 3011 ΙΙ
731 2978 803 3011 quo
825 2978 866 3001 ex
887 2978 957 3013 que
980 2967 1027 3000 M
1044 2968 1056 3011 ΙΙ
1075 2966 1286 3010 Pamphilo,
1312 2967 1376 3000 ubi
1395 2965 1636 3010 praeteritum
1657 2976 1829 3010 praesens
1851 2965 2034 3009 significat
2059 2965 2148 3000 item

457 3015 606 3049 memini
627 3015 664 3048 D
690 3016 701 3058 ΙΙ
728 3018 771 3048 25
793 3013 971 3048 euassisse
994 3013 1023 3047 C
1044 3015 1056 3057 ΙΙ
1083 3016 1124 3047 28
1152 3014 1200 3047 ad
1219 3024 1249 3048 v.
1273 3017 1314 3047 13
1342 3013 1538 3058 Incipiam]
1565 3012 1669 3047 deest
1691 3013 1826 3046 tamcn.
1871 3012 1973 3047 Fatis
1993 3012 2148 3093 repulsg]

458 3062 627 3104 oraculis,
654 3063 695 3095 ut-
720 3062 776 3096 est
803 3061 902 3095 ‘cum
928 3061 1031 3105 virgo
1058 3071 1207 3105 poscere
1235 3061 1480 3104 (poposcerat)
1506 3059 1609 3094 fata.’
1641 3059 1677 3092 P
1699 3060 1710 3103 ΙΙ
1737 3058 1822 3102 quia
1848 3085 1855 3092 .
1884 3088 1891 3095 .
1919 3087 1925 3094 .
1953 3060 2077 3093 tamen

458 3109 499 3142 in
526 3119 636 3153 mm‘y.
663 3120 740 3153 sup.
769 3108 908 3144 citandi
933 3109 1035 3153 siyno
1060 3118 1167 3152 super
1191 3108 1317 3141 tamen
1343 3108 1511 3142 collocato
1530 3108 1541 3151 ΙΙ
1561 3117 1771 3150 quanquam
1799 3104 1843 3139 02
