2204 3437
206 1204 248 1227 De
269 1203 333 1228 eius
348 1203 399 1233 qui

221 1239 385 1269 pleniorem

212 1276 391 1299 commenta-

217 1310 294 1334 rium
315 1317 393 1334 60111-

211 1346 311 1375 posuit
333 1346 400 1369 sub-

215 1381 320 1412 sidiis,
341 1388 390 1405 ae-

196 1418 268 1448 tate,
291 1416 397 1446 patria.

408 175 522 211 LXVI
1107 168 1392 206 PRAEFATIO.

409 284 503 338 gilii
549 284 739 324 carmina
784 296 879 322 cum
925 279 1097 322 scholiis
1141 279 1283 320 habet.
1350 277 1514 332 inspexi
1559 275 1745 317 codicem
1789 273 1982 328 Parisiis,
2027 273 2099 314 sed

409 353 676 395 festinanter.
733 354 877 407 itaque
922 351 1035 406 fugit
1079 364 1144 390 me
1191 349 1301 404 quod
1346 347 1604 390 Thomasius
1646 345 1753 387 vidit
1797 343 1866 400 (cf.
1912 344 2022 385 essai
2062 359 2100 398 p.

414 426 493 467 118
517 424 624 479 sqq.)
667 425 777 465 inter
820 422 984 464 scholia
1027 421 1078 462 ad
1121 420 1322 461 Aeneidis
1366 420 1497 460 libros
1530 416 1697 458 IlI-—V
1739 415 1955 469 adscripta
1997 415 2100 456 satis

410 496 547 537 multa
580 510 671 537 esse
704 494 944 536 Danielina.
1002 506 1108 546 quae
1141 492 1251 533 ratio
1285 491 1397 532 inter
1428 489 1540 530 hunc
1567 487 1755 529 codicem
1787 489 1830 527 et
1855 485 2097 527 Floriacen-

411 582 499 608 sem
532 566 767 608 intercedat
800 580 893 606 cum
926 563 1183 605 Thomasius
1224 562 1274 604 de
1308 561 1532 615 scripturis
1564 559 1680 600 illius
1712 557 1818 599 nihil
1851 556 1939 599 fere
1971 559 2100 598 testa-

410 641 479 679 tus
525 638 599 691 sit,
643 637 829 678 iudicare
873 650 959 677 11011
1004 649 1192 688 possum.
1255 646 1513 688 quamquam
1559 629 1671 684 quod
1715 629 1767 670 ad
1807 627 1912 669 Aen.
1949 627 2014 668 III
2044 628 2101 669 40

409 708 683 763 Vergilianae
717 708 949 761 scripturae
988 705 1320 759 discrepantiam
1353 703 1567 758 quandam
1594 701 1976 757 commemoratam
2009 713 2102 740 esse

410 780 512 820 dicit
544 780 585 820 id
618 779 678 820 ita
710 779 981 832 interpretor,
1014 779 1061 818 ut
1091 777 1203 817 idem
1235 775 1398 816 laudari
1418 775 1565 828 putem
1598 771 1712 827 quod
1744 771 1788 811 in
1819 769 2100 811 Floriacensis

410 851 602 905 margine
635 850 798 904 inveni,
829 849 995 891 auditus
1026 862 1103 902 pro
1137 847 1322 889 audam-2
1365 845 1484 886 cuius
1518 843 1755 897 scripturae
1787 842 1831 882 in
1862 841 1956 895 ipso
1990 854 2100 881 com-

411 922 620 963 mentario
654 936 740 963 non
771 921 820 962 fit
852 919 1024 961 mentio.
1081 918 1132 960 cf.
1172 917 1313 959 adnot.
1351 915 1443 957 crit.
1483 915 1534 956 ad
1572 914 1597 955 l.
1634 913 1661 953 l.
1701 912 1900 967 quoniam
1938 910 2101 952 Floria-

411 993 548 1034 censis
582 996 624 1033 et
656 991 915 1033 Turonensis
947 989 1196 1032 testimonia
1228 1003 1339 1029 nunc
1372 987 1496 1041 plene
1536 986 1651 1026 edita
1689 986 1789 1025 sunt
1827 996 1950 1037 spero
1990 980 2101 1022 codi-

410 1079 500 1105 cem
534 1079 557 1104 a
589 1062 819 1104 Thomasio
860 1076 955 1103 cum
994 1061 1062 1101 his
1103 1061 1399 1113 comparatum
1443 1057 1514 1110 iri,
1557 1058 1604 1097 ut
1641 1055 1919 1108 intellegatur
1957 1055 2101 1094 utrum

409 1134 603 1188 proprias
637 1134 815 1174 virtutes
843 1132 1004 1173 habeat
1037 1146 1092 1172 an
1127 1145 1175 1171 ex
1208 1129 1302 1183 ipso
1336 1126 1597 1169 Floriacensi
1629 1124 1811 1166 fluxerit.

530 1204 589 1245 Vt
620 1204 766 1258 paucis
800 1203 1062 1257 complectar
1089 1201 1188 1255 quid
1208 1200 1276 1241 his
1300 1183 1405 1254 quae
1433 1198 1569 1239 adhuc
1601 1196 1779 1251 exposui
1812 1195 1863 1236 ad
1896 1194 2101 1249 plenioris

413 1276 708 1317 commentarii
741 1275 953 1330 originem
975 1288 1023 1314 ac
1043 1271 1294 1313 memoriam
1315 1270 1472 1311 rectius
1500 1266 1841 1322 cognoscendam
1874 1264 2107 1319 profecisse

411 1347 572 1401 videar,
605 1361 750 1388 eorum
784 1344 997 1386 sententia
1028 1342 1242 1384 reicienda
1275 1343 1340 1382 est
1367 1340 1438 1394 qui
1460 1339 1692 1394 genuinum
1726 1336 1862 1378 Servii
1895 1350 2107 1377 commen-

412 1419 568 1459 tarium
614 1416 898 1471 deperditum,
944 1414 1219 1455 Danielinum
1266 1414 1410 1453 autem
1456 1411 1545 1451 eius
1592 1408 1844 1451 similiorem
1890 1421 1981 1448 esse
2027 1406 2108 1446 sibi

408 1490 731 1543 persuaserunt,
764 1502 889 1541 quam
923 1486 1160 1540 vulgatum.
1212 1483 1360 1525 deinde
1401 1497 1495 1523 cum
1536 1481 1682 1522 eadem
1715 1494 1792 1533 per
1822 1480 1963 1519 totum
1997 1492 2108 1518 com·

409 1561 666 1601 nientarium
699 1560 864 1600 ratione
898 1557 1140 1610 eisdemque
1182 1554 1372 1595 artificiis
1413 1551 1617 1594 Serviana
1652 1554 1694 1592 et
1732 1551 1872 1591 aliena
1911 1549 2022 1590 inter
2062 1562 2106 1589 se

410 1646 569 1672 conexa
602 1631 708 1684 sint,
740 1644 825 1670 non
859 1627 1038 1669 diversis
1060 1625 1330 1679 temporibus
1353 1627 1395 1665 et
1415 1623 1627 1678 gradatim
1662 1621 1801 1675 quasi,
1834 1619 1906 1661 sed
1939 1619 1992 1660 ab
2019 1633 2105 1659 uno

408 1702 579 1743 homine
626 1701 693 1742 vel
733 1702 844 1742 certe
890 1698 1013 1739 unius
1058 1695 1245 1737 hominis
1289 1694 1467 1736 consilio
1514 1708 1562 1734 ea
1606 1706 1674 1733 res
1717 1691 1882 1732 videtur
1914 1690 2108 1731 confecta

410 1772 556 1828 esse.¹)
614 1773 685 1827 qui
720 1771 872 1826 quibus
917 1767 1117 1810 subsidiis
1157 1781 1259 1807 usus
1299 1780 1392 1806 esse
1429 1763 1645 1805 videretur
1685 1777 1813 1816 supra
1857 1760 2107 1816 significavi.

410 1846 536 1898 atque
583 1858 607 1884 a
651 1834 1059 1883 commentatoribus
1105 1836 1333 1878 Danielina
1379 1835 1543 1876 scholia
1586 1834 1787 1888 pleraque
1829 1832 1967 1886 petita
2012 1845 2103 1872 esse

410 1929 504 1955 cum
551 1930 600 1954 ex
647 1928 690 1954 se
735 1911 1004 1964 intellegitur
1042 1912 1134 1949 tum
1180 1907 1284 1948 satis
1332 1906 1458 1947 certis
1505 1904 1708 1958 exemplis
1754 1903 1982 1957 probatum
2030 1904 2105 1943 est.

409 1986 512 2026 item
546 1983 735 2024 dubitari
773 1982 843 2022 vix
881 1983 1024 2034 potest
1066 1979 1168 2033 quin
1201 1977 1404 2031 plenioris
1447 1974 1742 2016 commentarii
1782 1973 1947 2015 auctori
1986 1974 2028 2013 et
2069 1972 2105 2013 is

410 2056 519 2096 liber
551 2069 675 2109 quem
706 2052 950 2094 Macrobius
985 2049 1211 2103 exscripsit
1243 2050 1285 2088 et
1319 2046 1474 2088 Isidori
1502 2045 1689 2100 origines
1722 2044 1775 2085 ad
1809 2058 1981 2085 manum
2015 2043 2103 2084 fue-

409 2127 507 2167 rint.
557 2127 725 2179 praeter
757 2123 835 2165 1108
867 2122 1002 2163 1111108
1035 2121 1277 2161 fabularum
1308 2118 1506 2159 volumen
1534 2115 1726 2170 aliquod,
1758 2114 1868 2168 quod
1901 2129 1987 2155 non
2019 2114 2104 2154 iam

410 2200 545 2250 extat,
584 2196 636 2237 ad
679 2194 920 2249 augendum
962 2191 1214 2234 Servianum
1254 2187 1608 2230 commentarium
1650 2187 1702 2228 ab
1744 2186 1817 2226 1110
1862 2184 2102 2226 adhibitum

411 2283 501 2308 esse
534 2266 755 2321 probabile
790 2268 866 2306 est.
922 2263 1101 2317 denique
1134 2261 1245 2302 inter
1278 2274 1326 2301 ea
1353 2273 1459 2313 quae
1493 2258 1733 2312 pleniorum
1766 2256 1974 2297 librorum
2006 2269 2102 2309 pro-

409 2339 501 2392 pria
535 2340 634 2379 sunt
666 2337 939 2378 inveniuntur
972 2348 1079 2388 quae
1113 2347 1162 2373 ex
1190 2330 1378 2384 antiquis
1401 2329 1624 2384 glossariis
1645 2328 1813 2382 possint
1844 2326 2105 2380 transcripta

530 2491 562 2532 1)
588 2498 706 2532 neque
732 2488 858 2521 tamen
890 2484 1029 2520 infitior
1055 2482 1167 2518 etiam
1201 2481 1368 2516 confecto
1400 2479 1559 2525 pleniori
1593 2478 1859 2515 commentario
1891 2489 1913 2512 a
1943 2476 2103 2512 librariis

409 2543 519 2587 paulo
547 2540 773 2576 doctioribus
800 2550 918 2584 pauca
954 2537 1134 2581 quaedam
1167 2534 1257 2569 addi
1290 2534 1456 2579 potuisse
1481 2535 1546 2569 aut
1572 2532 1754 2568 Serviano
1782 2528 1998 2575 exemplari,
2032 2540 2104 2574 quo

409 2594 586 2640 plenioris
613 2591 870 2629 commentarii
898 2591 1026 2624 auctor
1051 2589 1233 2628 uteretur,
1260 2587 1403 2631 aliquot
1429 2587 1522 2622 locis
1549 2586 1671 2621 aliena
1697 2583 1885 2628 adscripta
1909 2582 2035 2626 fuisse,
2063 2583 2105 2616 ut

408 2648 596 2683 breviores
624 2646 709 2681 libri
736 2646 775 2679 in
796 2643 1027 2689 marginibus
1054 2644 1119 2676 aut
1145 2640 1258 2675 etiam
1284 2640 1322 2673 in
1348 2640 1524 2674 contextu
1544 2638 1726 2683 quaedam
1752 2637 1891 2671 habent
1918 2646 2011 2679 quae
2031 2646 2104 2670 non

411 2703 495 2735 sunt
522 2700 651 2735 Servii.
690 2720 730 2724 —
767 2697 986 2732 'l'homasius
1019 2708 1051 2740 p.
1082 2699 1142 2737 79,
1174 2706 1209 2738 p.
1238 2697 1303 2728 107
1327 2705 1406 2738 sqq.
1445 2690 1725 2727 Lemovicensia
1757 2691 1794 2725 et
1826 2689 2041 2724 Cassellana
2067 2690 2105 2723 et

409 2753 660 2788 Floriacensia
686 2751 828 2785 scholia
854 2751 899 2784 ab
928 2749 1056 2783 60116111
1083 2747 1240 2780 collecta
1272 2757 1352 2780 esse
1380 2744 1542 2789 negavit.
1589 2746 1628 2778 at
1659 2741 1983 2777 dissimilitudines
2010 2752 2103 2785 quae

411 2809 495 2841 sunt
522 2818 607 2841 sane
634 2805 731 2839 inter
756 2802 1056 2837 Lcinovicensem
1083 2802 1119 2834 et
1144 2799 1397 2833 Cassellanum
1429 2797 1773 2840 Floriacensemque
1800 2794 2103 2829 commentarium

412 2860 489 2904 ipsc
517 2859 693 2893 concedet
719 2857 794 2891 alia
820 2855 961 2890 ratione
993 2852 1230 2897 explicandas
1259 2862 1347 2884 esse.
1394 2861 1479 2884 nam
1514 2849 1611 2893 quod
1648 2847 1687 2882 in
1721 2846 1975 2882 bucolicorum
2008 2857 2103 2880 com-

410 2912 544 2947 mentis
572 2911 717 2956 saepius
745 2908 902 2943 aliorum
929 2905 1134 2941 sententiae
1166 2903 1339 2938 laudatae
1367 2903 1453 2936 sunt
1485 2913 1594 2945 quam
1620 2900 1658 2934 in
1684 2898 1847 2933 Aeneide
1872 2897 1911 2931 id
1936 2897 2020 2932 inde
2047 2910 2102 2933 re-

411 2965 611 3009 petendum
638 2963 736 3008 quod
762 2963 806 2997 de
832 2960 908 2996 illis
934 2957 1196 3002 intellegendis
1223 2955 1341 3000 magis
1369 2955 1591 2989 differebant
1614 2953 1711 2987 inter
1737 2963 1773 2986 se
1800 2952 1965 2985 veterum
1990 2950 2102 2986 inter-

411 3020 555 3062 pretum
583 3016 732 3051 iudicia.
785 3013 1052 3058 antiquitatum
1079 3012 1202 3046 autem
1229 3010 1268 3043 et
1292 3008 1513 3053 religionum
1532 3007 1783 3041 Romanarum
1809 3004 1850 3037 ut
1875 3003 1914 3037 in
1938 3003 2102 3039 Aeneide

413 3070 614 3104 enarranda
641 3071 722 3114 plus
751 3066 904 3103 rationis
924 3065 1124 3100 haberetur
1144 3074 1254 3107 quani
1282 3061 1319 3094 in
1345 3059 1523 3095 bucolicis
1545 3060 1582 3094 et
1601 3056 1787 3103 georgicis
1816 3057 1968 3100 propter
1994 3068 2101 3101 argu-

413 3123 527 3157 menti
555 3121 808 3157 diversitatum
840 3120 979 3154 factum
1005 3118 1071 3152 est.
