2204 3437
544 217 692 254 OOMM.
718 218 770 253 IN
795 216 936 252 VERG.
963 217 1072 252 AEN.
1098 216 1140 250 ΙΙ.
1169 219 1318 251 51-60,
1688 213 1772 256 225

202 323 270 365 56.
315 335 485 367 STARES
512 325 548 366 si
575 324 740 367 estaret'
766 324 939 379 legeris,
966 322 1190 365 ‘maneres’
1212 322 1404 376 sequitur
1430 324 1605 376 propter
1627 317 1773 374 ὁμοιο-

84 392 300 436 τέλευτον.
325 435 329 438 ,
362 397 404 437 et
436 398 501 437 est
532 395 804 450 apostropha.

205 464 272 506 57.
323 483 416 508 reon
439 472 578 508 mnus*
600 466 696 507 haec
717 464 928 518 particula
949 477 1077 517 prope
1107 477 1191 505 rem
1213 466 1366 517 qestam
1391 466 1484 504 ante
1508 462 1639 505 oeulos
1666 462 1773 503 lecto-

83 536 144 576 ris
173 536 342 577 inducit.
401 550 499 577 sane
529 550 644 589 saepe
674 536 825 578 dict-um
855 538 927 585 est,
966 534 1188 587 Veiyilium
1225 535 1388 575 inventa
1428 534 1631 575 occasione
1666 546 1774 573 men-

85 607 231 647 tionem
261 607 366 648 iuris
391 607 640 659 pontificalis
673 605 804 657 facere
834 606 880 646 in
909 617 1157 657 quacumque
1183 617 1370 656 persona.
1430 604 1610 656 antiquis
1642 604 1775 656 itaque

84 677 341 718 caerimoniis
372 680 535 718 cautum
566 679 668 725 erat,
705 689 754 716 ne
790 676 946 716 ‘cinctus
981 675 1217 726 flaminiam
1253 675 1455 728 introiret,
1492 674 1530 715 si
1559 674 1774 726 introisset,

83 747 299 788 solveretur
335 747 544 799 vinclaque
571 760 648 799 per
681 746 920 799 impluvimn
951 744 1251 796 effitnclercntm·
1282 745 1402 797 inque
1432 745 1541 785 viam
1565 744 1775 796 publicam

84 817 311 858 eicerentur.
378 817 571 868 flaminia
607 819 738 857 autem
775 817 917 857 (lomus
952 815 1138 867 flaminis
1173 816 1339 868 (licitur,
1380 815 1484 855 sicut
1521 815 1633 867 ταμία
1669 814 1775 867 reyis

84 887 236 928 (lomus.
279 887 420 939 [quod]
446 886 510 927 lu’c
534 887 580 928 cle
607 886 759 928 Sinone
789 900 873 927 rem
903 886 1088 938 flaminis
1118 899 1145 926 a
1175 899 1263 938 reye
1289 886 1443 937 factam
1468 884 1649 926 debemus
1674 885 1774 925 acci-

23 958 29 962 '
75 970 183 1011 pere,
209 957 350 1010 <146>
376 958 478 1009 ipse
500 958 605 997 ‘ciro
631 958 824 1009 primus
854 957 1074 997 manicas
1105 959 1246 1008 atque
1276 959 1388 996 arta
1421 956 1579 996 levari
1608 954 1775 995 vincla
1803 962 1844 991 10

83 1027 215 1068 iubet
253 1026 511 1076 Priamus;
555 1028 661 1079 quod
701 1027 858 1078 factum
900 1026 973 1067 sub
1016 1027 1124 1080 clivo,
1167 1026 1236 1067 illo
1274 1039 1389 1067 versu
1427 1025 1599 1066 ostendit
1634 1024 1775 1077 <153>

83 1098 291 1138 sustulit
319 1101 491 1138 exutas
520 1097 701 1138 vinclis
731 1098 793 1138 ael
821 1097 986 1138 sidera
1010 1096 1206 1148 palmas
1236 1099 1273 1137 et
1303 1096 1444 1149 (154)
1475 1109 1555 1137 vos
1586 1095 1776 1136 aeterni

85 1168 233 1221 iynes,
271 1168 317 1209 icl
344 1171 402 1209 est
430 1168 586 1208 sidera:
625 1168 732 1220 quod
766 1167 902 1220 utique
938 1168 1156 1220 ineonyrue
1191 1166 1342 1208 dictum
1378 1166 1552 1219 videtur,
1589 1166 1673 1206 nisi
1703 1165 1775 1206 sub

83 1238 172 1278 clivo
202 1237 397 1279 Sinonem
433 1241 606 1279 stantem
643 1237 738 1279 liaeo
773 1238 924 1279 dixisse
954 1238 1212 1289 accipiamus.
1273 1237 1360 1278 ideo
1397 1239 1531 1277 autem
1564 1234 1773 1277 ‘iuvenem’

61 1309 246 1361 ‘clicenclo
276 1322 421 1349 nomen
451 1309 672 1361 suspendit,
703 1321 780 1361 quo
807 1308 973 1361 yravior
1003 1309 1190 1348 narratio
1220 1308 1348 1361 fieret,
1379 1308 1416 1349 si
1444 1308 1582 1348 ordine
1612 1320 1684 1348 suo
1714 1320 1774 1347 re·
1803 1314 1844 1344 15

47 1409 50 1412 .
81 1378 284 1430 ferrentur
313 1392 415 1431 quae
441 1382 553 1432 qesta
582 1382 688 1420 sunt.
807 1389 961 1420 MANVS
994 1388 1261 1419 REVINCTVM
1293 1380 1342 1418 ut
1372 1376 1420 1430 <1
1452 1377 1565 1431 228)
1598 1377 1774 1418 oculos

85 1448 294 1490 suffusa.

203 1519 269 1560 58.
321 1530 600 1560 TRAHEBANT
652 1533 746 1560 cum
793 1519 1068 1560 festinatione
1117 1518 1401 1571 adducebant,
1451 1520 1498 1559 ut
1540 1517 1630 1571 <VI
1665 1517 1776 1571 753>

86 1592 366 1631 conventus
398 1589 563 1631 trahit
594 1589 644 1630 in
676 1589 880 1630 medios.
920 1591 961 1629 et
988 1588 1113 1630 modo
1142 1586 1414 1629 ‘trahebant’
1442 1587 1495 1628 ad
1521 1587 1776 1629 desiderium

85 1659 310 1700 ducentum
338 1662 382 1701 et
403 1658 571 1701 Sinonis
597 1659 786 1712 pertinet
812 1658 1142 1700 simulationem.
1186 1671 1268 1699 non
1292 1659 1390 1710 quia
1415 1659 1607 1699 renititm·
1633 1657 1776 1711 Sinon,
1802 1665 1846 1695 20

84 1743 183 1770 nam
213 1731 464 1771 contrarium
495 1733 592 1772 esset
623 1729 714 1782 ‘qui
743 1742 784 1770 se
815 1730 997 1782 iynotum
1027 1727 1273 1769 venientibus
1303 1727 1445 1769 ultro’.

204 1800 272 1841 59.
322 1811 423 1850 QVIS
458 1811 509 1842 SE
541 1800 694 1854 quibus
726 1814 783 1841 se.
846 1800 920 1840 alii
953 1799 1046 1854 ‘qui
1078 1798 1142 1840 se'
1175 1799 1336 1853 legunt.

205 1871 271 1912 60.
322 1888 395 1913 HOC
418 1888 539 1913 [1³er
559 1871 619 1912 vel
643 1871 690 1912 ut
713 1873 930 1924 caperetur,
949 1870 1008 1911 vel
1033 1871 1140 1922 quod
1159 1869 1308 1911 Graeci
1331 1869 1592 1911 simulabant.
1683 1879 1775 1910 HOC

87 1953 225 1983 IPSVM
256 1956 333 1995 per
366 1941 463 1996 (ω’,
496 1942 595 1996 quia
626 1944 878 1995 usurpatum
911 1943 976 1982 est
1008 1939 1160 1994 fspse’,
1204 1942 1246 1980 et
1278 1943 1344 1981 est
1375 1939 1571 1981 naturale
1605 1938 1777 1992 ‘ipsus'‚

86 2015 133 2053 ut
164 2012 306 2066 ipsus
339 2012 463 2053 mihi
494 2012 678 2053 Davus.
740 2011 918 2052 dicimus
952 2024 1055 2065 ergo
1096 2010 1234 2064 ‘ipsus
1272 2011 1367 2065 ipsa
1398 2009 1574 2065 ipsum’,
1605 2015 1653 2051 ut
1685 2009 1778 2051 ‘do-
1804 2016 1847 2046 25

1801 611 1820 640 <5¹

86 2210 117 2243 A
145 2166 200 2243 d5
224 2162 539 2244 {ritiguigltitaque
568 2189 574 2195 .
603 2190 610 2196 .
638 2189 645 2195 .
672 2162 768 2206 regis
794 2161 940 2207 domus]
968 2161 1012 2196 cf.
1041 2160 1181 2196 Gellius
1206 2160 1239 2194 X
1266 2164 1320 2205 15,
1348 2165 1366 2196 7
1381 2173 1433 2206 sq.
1452 2162 1465 2205 ΙΙ
1484 2164 1527 2196 25
1553 2160 1670 2207 ipsus]
1697 2161 1778 2196 Ter.

119 2222 143 2243 n
170 2222 198 2244 r.
327 2237 334 2254 ,

184 2356 201 2385 1
235 2353 283 2386 acl
313 2363 343 2387 v.
373 2354 416 2385 56
450 2350 589 2396 stares]
623 2350 654 2385 si
688 2350 845 2384 ‘staret’
888 2349 1095 2384 ‘maneres'
1136 2348 1301 2393 sequitur
1333 2377 1340 2384 .
1369 2377 1376 2384 .
1404 2377 1410 2383 .
1444 2348 1681 2394 apostropha.
1712 2348 1747 2381 P
1768 2348 1780 2393 Η

387 2411 401 2434 r

90 2458 215 2479 smnus
243 2444 274 2479 si
300 2446 396 2480 stare
422 2446 460 2479 et
479 2445 512 2478 L
538 2444 577 2487 (S
598 2445 713 2478 altera
732 2447 763 2478 et
789 2444 826 2478 et
846 2444 890 2478 ab
911 2443 987 2478 alia
1007 2455 1118 2478 *manu
1143 2444 1184 2478 in
1204 2454 1346 2478 rasura.
1380 2442 1396 2475 s
1412 2452 1587 2485 superscr.
1607 2443 1631 2486 l)
1651 2443 1663 2485 ΙΙ
1682 2442 1779 2485 lege-

88 2492 138 2525 ris
164 2503 230 2526 om.
260 2491 290 2526 0
316 2493 327 2536 ΙΙ
358 2496 378 2526 3
406 2493 454 2526 ad
478 2503 509 2525 v.
537 2495 579 2525 57
606 2491 737 2525 Manus
762 2490 985 2536 reuinctum]
1012 2491 1053 2524 ut
1081 2490 1221 2525 ‘oculos
1248 2489 1411 2524 suffusa’.
1439 2489 1475 2522 P
1501 2490 1512 2532 ΙΙ
1544 2489 1691 2523 occulos
1720 2488 1750 2523 Ο
1769 2488 1781 2532 Η

90 2543 110 2573 6
137 2539 344 2573 cerimoniis
372 2539 401 2573 O
417 2541 428 2583 ΙΙ
455 2543 473 2572 7
500 2538 704 2572 imfluuium
732 2537 762 2572 O
777 2539 790 2582 Η
815 2541 834 2572 9
862 2537 960 2581 quod
983 2538 1061 2571 secl.
1089 2537 1136 2572 F.
1158 2537 1354 2571 Schoellius
1373 2537 1384 2580 ΙΙ
1413 2540 1455 2570 10
1480 2535 1576 2581 uiro]
1603 2546 1690 2570 uero
1719 2534 1749 2569 Ο

92 2589 133 2619 15
161 2585 191 2619 si
214 2585 244 2619 C
265 2586 328 2620 sed
354 2589 587 2620 enotaverunt
613 2585 805 2628 Scioppius
830 2588 862 2619 et
886 2584 1066 2628 Berykius
1084 2585 1095 2628 ΙΙ
1114 2584 1318 2618 referentur
1346 2582 1582 2618 Commelinus
1601 2584 1746 2626 primas
1770 2587 1781 2624 Α

91 2636 133 2666 18
166 2633 215 2666 acl
239 2644 269 2667 v.
297 2636 341 2667 58
373 2632 602 2676 Trahebant]
639 2632 748 2665 modo
781 2631 827 2665 ad
860 2631 1072 2665 ducentium
1105 2630 1327 2665 desiderium
1362 2630 1539 2674 pertinet,
1578 2641 1650 2664 non
1684 2629 1780 2673 quod

88 2679 259 2713 renititur
284 2680 469 2723 (sentitur)
496 2679 626 2722 Sinon,
659 2689 816 2722 namque
849 2678 1073 2712 contrarium
1107 2680 1203 2712 esset
1237 2677 1321 2721 ‘qui
1346 2689 1383 2711 se
1410 2677 1576 2721 ignotum
1602 2676 1780 2710 uenienti-

88 2726 155 2760 bus
180 2726 304 2761 ultro'.
335 2726 371 2759 P
396 2729 407 2771 ss
438 2726 669 2773 ducesssbant
702 2724 731 2759 C
757 2726 770 2769 ΙΙ
808 2729 850 2759 19
883 2724 1026 2759 medios
1060 2724 1104 2759 C':
1139 2725 1301 2759 medium
1326 2724 1510 2758 LHME
1538 2725 1549 2767 ΙΙ
1587 2725 1624 2757 et
1654 2723 1779 2767 modo]

1218 2792 1235 2808 V

90 2819 199 2854 modo
231 2830 318 2864 ergo
347 2819 378 2854 Ο
398 2820 410 2862 ΙΙ
437 2823 482 2853 20
508 2819 706 2853 ducentum
733 2818 955 2853 desiderium
983 2818 1013 2852 G
1034 2820 1046 2862 Η
1074 2819 1268 2853 ducentem
1292 2817 1335 2851 H
1350 2819 1361 2862 ΙΙ
1381 2818 1418 2851 et
1443 2816 1588 2850 Sinonis
1615 2820 1645 2850 ct
1672 2816 1779 2849 simu-

91 2866 267 2901 lationem
292 2877 357 2901 om.
383 2866 502 2910 01121
525 2865 749 2900 contrarium
771 2865 833 2899 02:
860 2866 1049 2900 contraum
1078 2865 1108 2900 O
1128 2867 1140 2910 ΙΙ
1165 2869 1208 2899 22
1231 2877 1309 2903 Qv1s
1331 2878 1369 2898 sn
1392 2892 1398 2897 .
1421 2893 1427 2898 .
1451 2892 1456 2897 .
1480 2864 1607 2905 legunt
1631 2874 1696 2897 om.
1719 2862 1748 2896 (J
1780 2865 1781 2906 ζ

92 2913 223 2956 quibus
254 2924 291 2947 se
323 2924 387 2948 om.
415 2914 456 2947 Η
479 2914 490 2958 gl
515 2917 559 2946 23
586 2913 634 2947 ad
659 2923 689 2946 v.
718 2916 761 2946 60
792 2912 871 2946 Hoc
896 2912 1031 2957 ipsum]
1064 2912 1124 2947 uel
1156 2914 1197 2946 ut
1228 2913 1420 2957 caperetur
1445 2910 1506 2944 ucl
1538 2910 1624 2952 quia
1651 2908 1780 2943 Graeci

92 2960 325 2995 simulabant.
378 2960 538 3004 ‘ipsum’
574 2961 698 2993 autem
731 2970 797 3002 per
827 2971 880 3001 m,
918 2970 990 2993 non
1022 2970 1087 3004 per
1120 2959 1159 3002 d,
1198 2958 1284 3002 quia
1318 2959 1439 3001 (quae)
1476 2960 1690 2999 usurpatum
1727 2957 1782 2989 est

95 3005 214 3050 ‘ipse'
243 3008 280 3041 et
305 3008 362 3041 est
385 3007 552 3041 naturale
581 3005 723 3049 ‘ipsus’
753 3005 891 3049 (ipsius)
919 3016 939 3040 *
966 3006 1057 3039 mihi
1080 3006 1204 3040 Dauus
1230 3032 1237 3039 .
1261 3034 1266 3039 .
1290 3032 1296 3038 .
1324 3005 1484 3038 doctum.
1536 3002 1584 3036 Ut
1608 3003 1780 3047 strueret]

95 3052 280 3088 incoatum
313 3065 335 3088 a
360 3054 510 3098 Graecis
536 3053 742 3098 perficeret,
777 3053 846 3087 hoe
873 3054 929 3086 est
955 3053 1188 3087 confirmaret
1220 3051 1406 3095 praeiacta
1437 3049 1605 3084 dolorum
1632 3049 1781 3083 semina.

98 3098 133 3131 P
154 3101 166 3143 ΙΙ
190 3112 255 3133 noc
282 3113 385 3135 IPSVM
409 3100 490 3145 per]
517 3100 639 3144 ipsum
666 3100 787 3134 autem
814 3110 879 3143 per
906 3099 936 3133 C
957 3100 969 3144 ΙΙ
998 3103 1042 3133 24
1068 3110 1132 3143 per
1157 3098 1209 3142 m]
1237 3097 1381 3141 generis
1408 3096 1600 3130 masculini
1626 3097 1783 3130 enotavit

97 3144 289 3189 Scioppius
312 3148 325 3190 ΙΙ
349 3149 429 3191 ipse
457 3147 501 3181 0:
532 3148 652 3192 ipsum
683 3147 711 3179 J.
722 3146 763 3180 H
796 3146 901 3190 ipsud
930 3147 978 3180 M
983 3146 1022 3179 E
1029 3147 1040 3180 l
1064 3147 1076 3190 ΙΙ
1105 3144 1282 3179 naturalis
1310 3144 1339 3178 C

166 3210 262 3235 Servii
280 3218 385 3236 comm.
406 3212 471 3237 Vol.
492 3212 516 3236 1.
539 3212 623 3238 Raso.
643 3212 668 3235 Ι.
1460 3206 1500 3235 15
