2204 3437
583 193 732 229 COMM.
760 195 811 227 IN
838 194 977 229 VERG.
1006 195 1116 229 AEN.
1143 196 1168 228 Ι.
1197 200 1393 231 492j505.
1747 197 1826 237 157

251 300 348 342 502.
398 313 600 343 TACITVM
634 302 770 343 maior
803 302 914 342 enim
941 304 1008 343 est
1039 302 1351 343 taciturnitatis
1379 303 1588 357 adfectus,
1620 307 1667 344 ut
1699 319 1829 358 supra

132 370 255 411 haec
300 385 477 412 secum.
546 372 606 412 sic
645 372 868 413 Terentius
910 374 965 413 ut
1008 387 1198 414 mecum
1243 374 1408 414 tacita
1453 374 1710 427 gaudeam.

136 458 303 482 memus
322 456 402 494 pro
423 444 553 493 tacite,
580 447 625 484 «1ιύ
651 444 948 495 tacitumque
972 444 1155 485 obsedit
1187 444 1332 485 livien
1353 444 1580 495 .-1matae;
1613 449 1687 486 (eut
1706 447 1829 486 tacita

127 512 286 563 plaudet.
408 525 742 554 PERTEMPTANT
775 513 901 554 modo
934 513 1208 556 vehementer
1239 517 1466 568 temptant.
1528 516 1633 557 alibi
1666 516 1828 569 leviter,

132 584 179 622 ut
211 582 399 624 blanda
432 584 661 625 vicissim
696 584 881 639 gaudia
911 587 1265 639 pertemptant
1297 589 1525 627 mentem.
1583 590 1682 628 sunt
1715 587 1827 628 enim
1855 599 1874 627 5

133 652 268 693 inulta
301 668 407 708 quae
440 669 516 708 pro
549 655 653 696 locis
687 655 1016 709 intelleguntur,
1054 658 1102 696 ut
1135 655 1365 710 ‘inpotens’
1400 660 1442 698 et
1475 657 1580 698 satis
1613 661 1656 698 et
1688 658 1827 699 minus

133 725 175 763 et
206 723 316 764 nihil
347 727 498 778 potens
533 725 760 778 significat.
880 737 1073 767 INSTANS
1101 738 1236 768 OPERI
1269 741 1446 782 zeugma
1473 730 1536 768 est
1569 729 1620 769 ad
1653 744 1829 783 sequen-

131 793 194 849 tia
224 795 454 847 pertinens.

249 865 346 906 504.
397 877 659 915 REGNISQVE
682 878 874 909 FVTVRIS
908 871 1165 922 regnaturae
1187 867 1460 925 Carthagini3
1491 885 1590 912 mam
1621 871 1712 924 ipsa
1743 872 1829 912 imm*

130 935 335 988 refflmbat.
1858 954 1870 981 1
1879 954 1899 981 o

249 1006 346 1049 505.
397 1019 492 1048 TVM
530 1019 722 1050 FORIBVS
761 1021 903 1051 DIVAE
944 1010 1110 1052 instans
1152 1012 1379 1066 praecipue
1420 1012 1597 1053 foribus.
1667 1016 1710 1053 et
1749 1012 1831 1053 hoc

131 1076 224 1118 loeo
264 1077 610 1132 distinguendum
650 1082 730 1133 est3
776 1094 934 1134 magno
974 1082 1087 1122 enim
1126 1082 1267 1124 studio
1307 1086 1349 1123 et
1387 1083 1533 1124 labore
1572 1083 1831 1137 templorum

130 1147 244 1189 fores
278 1149 456 1203 fiebant,
490 1164 593 1203 quas
628 1150 884 1203 quibusdam
915 1150 1186 1205 insignibant
1217 1152 1431 1207 historiis,
1469 1157 1517 1195 ut
1548 1154 1598 1195 in
1630 1154 1830 1195 foribus

130 1219 287 1260 letum
315 1220 595 1274 Androgei,
625 1220 729 1261 item
763 1221 814 1262 in
844 1221 1045 1264 foribus
1078 1237 1297 1278 pugnam
1331 1239 1387 1265 ex
1414 1239 1534 1266 auro
1563 1225 1831 1279 solidoque

131 1290 421 1343 elephanto.
484 1291 676 1345 quamvis
723 1292 896 1346 quidam
941 1293 1122 1348 iungant
1168 1293 1280 1335 etuni
1320 1295 1485 1337 foribus
1528 1296 1649 1337 divae
1692 1296 1831 1337 inedia
1860 1308 1900 1337 15»

131 1360 344 1401 testudine
393 1361 580 1416 templi',
630 1369 678 1404 ut
722 1378 851 1404 unum
896 1364 1125 1419 intellegas
1170 1368 1331 1407 tectum
1376 1367 1528 1421 templi
1574 1370 1616 1408 et
1659 1368 1827 1421 pronai:

133 1431 244 1484 quod
277 1431 313 1472 si
346 1434 428 1486 est,
462 1433 540 1473 sub
573 1433 713 1475 medio
740 1437 854 1475 tecto
882 1438 981 1476 sunt
1007 1435 1132 1477 fores.
1183 1437 1257 1477 sed
1282 1438 1424 1491 prima
1444 1439 1596 1480 melior
1617 1439 1828 1492 expositio

133 1505 208 1543 est.
323 1514 593 1553 TESTVDINE,
622 1519 791 1547 camera
823 1505 1019 1559 incurva,
1051 1507 1097 1548 id
1125 1510 1182 1548 cst
1209 1507 1432 1559 fornicata,
1466 1524 1572 1563 quae
1600 1510 1829 1551 secundum

131 1586 202 1613 eos
235 1574 308 1627 qui
340 1574 604 1628 scripserunt
631 1575 680 1617 de
706 1576 873 1617 ratione
904 1577 1185 1632 templorum,
1217 1578 1312 1620 ideo
1341 1580 1401 1620 sic
1427 1580 1493 1634 fit,
1526 1583 1575 1621 ut
1601 1580 1828 1622 simulacro

130 1644 237 1684 caeli
262 1644 495 1699 imaginem
522 1645 690 1700 reddat,
723 1647 834 1701 quod
861 1650 1033 1689 constat
1059 1663 1149 1689 esse
1176 1663 1423 1691 convexum.
1468 1652 1635 1703 quidam
1662 1652 1830 1692 {mulum
1855 1664 1899 1693 ‘20

129 1715 242 1767 apud
269 1718 414 1756 veteres
445 1717 584 1757 omnia
616 1718 764 1770 templa
790 1719 835 1759 in
861 1719 1024 1760 modum
1057 1721 1269 1761 testudinis
1298 1721 1428 1775 facta,
1460 1725 1504 1762 at
1533 1736 1624 1763 vero
1653 1723 1830 1775 sequenti

129 1789 257 1826 aetate
299 1786 450 1827 divinis
491 1788 725 1829 simulacris
765 1789 934 1841 positis,
979 1789 1247 1831 orzihilommus
1289 1792 1334 1832 in
1378 1793 1535 1845 templis
1574 1794 1708 1844 factas
1749 1807 1830 1833 esse

130 1857 360 1910 testudines,
398 1859 505 1910 quod
542 1858 672 1900 Varro
710 1860 786 1910 ait,
830 1863 877 1901 ut
911 1864 1144 1913 separatum
1182 1865 1295 1916 esset,
1336 1863 1406 1904 ubi
1443 1867 1570 1905 metus
1606 1867 1720 1914 esset,
1760 1864 1829 1904 vbi

222 1989 241 2019 2
268 1985 376 2030 haec]
404 1985 445 2021 A.
474 1985 488 2018 Ι
516 1990 558 2020 37
596 1988 608 2030 ΙΙ
645 1987 854 2032 Terentius]
889 1988 966 2022 hec.
995 1988 1010 2021 I
1037 1993 1076 2033 2,
1103 1994 1146 2023 32
1186 1989 1249 2024 ‘ut
1274 1991 1390 2025 tacita
1415 2002 1557 2026 mecum
1586 1991 1790 2036 gaudeam⁷
1827 2018 1828 2037 3

132 2036 152 2065 3
178 2033 424 2078 tacitumque]
452 2034 505 2075 Ay
522 2034 589 2068 VII
616 2036 754 2078 343115
780 2035 933 2079 blanda]
962 2036 1004 2069 A.
1031 2036 1062 2069 V
1090 2041 1156 2071 827
1177 2038 1188 2081 ΙΙ
1215 2042 1234 2071 6
1261 2038 1445 2082 impotens
1471 2050 1500 2073 e.
1528 2051 1562 2083 q.
1590 2039 1633 2083 s.]
1663 2039 1707 2073 cf.
1736 2040 1828 2074 Don.

129 2079 177 2113 ad
202 2079 282 2114 Ter.
310 2080 422 2113 Andr.
450 2080 482 2114 V
508 2085 540 2124 3,
569 2084 588 2113 8
609 2082 620 2125 Η
643 2086 683 2115 13
709 2082 748 2115 in
773 2082 928 2127 foribus]
956 2084 998 2118 A.
1024 2083 1075 2117 VI
1102 2085 1176 2128 2011
1207 2089 1249 2118 14
1275 2085 1313 2119 in
1337 2085 1492 2130 foribus]
1520 2098 1644 2130 georg.
1671 2087 1721 2120 ΙΙΙ
1746 2091 1790 2120 26

130 2130 173 2160 18
200 2138 346 2161 camera
371 2127 524 2162 incurva
543 2157 551 2164 .
568 2157 598 2164 ..
621 2129 815 2163 adversum
842 2130 1091 2175 venientibus]
1121 2131 1287 2166 Servium
1315 2144 1428 2168 exscr.
1452 2133 1536 2167 Isid.
1559 2134 1651 2178 orig.
1673 2134 1738 2167 XV
1760 2138 1792 2177 8,
1808 2138 1827 2167 S

225 2249 242 2279 1
270 2247 318 2280 ad
343 2257 374 2280 v.
398 2250 468 2280 502
503 2247 693 2292 Tacitum]
726 2259 792 2292 pro
818 2248 942 2284 tacite.
994 2250 1137 2283 Instans
1170 2250 1289 2295 operi]
1324 2262 1452 2285 zeuma
1478 2253 1533 2286 est
1559 2252 1606 2286 ad
1637 2253 1828 2296 sequentia

128 2292 327 2336 pertinens.
356 2293 392 2326 P
409 2294 420 2337 ΙΙ
446 2298 465 2327 2
492 2294 687 2339 gaudeam.
738 2306 824 2339 ergo
849 2295 1004 2329 tacitum
1031 2308 1096 2340 pro
1122 2297 1235 2332 tacite
1262 2308 1287 2331 e.
1315 2310 1345 2342 (J.
1371 2309 1398 2332 s.
1427 2298 1456 2333 G
1480 2299 1491 2342 ΙΙ
1523 2303 1542 2332 3
1570 2299 1738 2334 liminate
1767 2300 1796 2333 (l
1817 2311 1828 2345 ja

131 2344 148 2373 7
177 2350 330 2384 zeugma
357 2367 364 2374 .
392 2369 398 2375 .
427 2367 433 2373 .
462 2354 569 2375 DIVAE
596 2342 607 2375 l
632 2343 672 2375 z'n
697 2353 809 2386 mary.
830 2343 841 2387 Η
867 2354 997 2377 zeuma
1022 2343 1163 2377 BHM
1179 2345 1191 2388 {l
1218 2346 1273 2379 est
1298 2356 1363 2379 oms.
1391 2346 1456 2379 {02
1475 2347 1486 2389 ΙΙ
1515 2348 1534 2378 8
1562 2346 1722 2390 pertinet
1749 2347 1793 2380 612
1818 2347 1828 2392 11

130 2390 150 2420 9
177 2387 226 2421 ad
249 2398 280 2420 υ.
309 2391 377 2421 504
412 2388 619 2432 Regnisque
651 2388 800 2434 futuris]
838 2391 1057 2434 regnaturae
1088 2391 1188 2435 urbi⁷
1221 2403 1305 2425 nam
1331 2392 1412 2436 ipsa
1437 2392 1511 2426 iam
1537 2394 1728 2437 regnabat.
1759 2394 1794 2427 Ι)

129 2435 329 2477 regnatura
354 2435 569 2479 carthagine
593 2436 605 2469 l
623 2437 634 2480 ΙΙ
654 2436 863 2481 carthagini
888 2437 976 2471 urbe
1003 2448 1089 2482 ergo
1116 2438 1189 2472 iam
1214 2438 1297 2482 ipsa
1322 2450 1407 2473 nam
1433 2440 1613 2484 regnabat
1634 2440 1663 2474 O
1678 2441 1689 2484 ΙΙ
1711 2445 1750 2474 11
1780 2442 1827 2474 ad

128 2491 158 2514 v.
188 2484 254 2514 505
282 2481 375 2515 Tum
401 2482 540 2516 foribus
566 2483 690 2528 diuae]
717 2483 858 2518 instans
884 2485 1082 2529 praecipue
1108 2485 1247 2520 foribus
1275 2514 1282 2521 .
1305 2514 1312 2521 .
1335 2514 1341 2520 .
1369 2487 1524 2529 fiebant,
1552 2487 1720 2531 quamuis
1748 2488 1825 2531 qui-

129 2527 215 2561 dam
241 2528 397 2573 iungant
424 2559 430 2564 .
460 2556 466 2563 .
495 2557 502 2563 .
530 2529 744 2576 Testudine]
778 2542 923 2565 camera
955 2531 1107 2567 incurua
1138 2532 1176 2566 id
1202 2535 1258 2567 est
1290 2532 1471 2568 fornicata
1496 2534 1580 2569 ideo
1607 2535 1658 2568 sie
1690 2535 1748 2576 fit,
1785 2538 1827 2568 ut

130 2575 325 2610 simulacro
353 2575 446 2610 caeli
471 2576 671 2621 imaginem
697 2578 829 2612 reddat
854 2578 953 2622 quod
980 2581 1126 2614 constat
1151 2591 1227 2614 esse
1249 2592 1464 2615 connexum.
1506 2581 1656 2625 quidam
1676 2582 1827 2616 tradunt

130 2623 221 2666 aput
244 2625 387 2657 veteres
412 2624 534 2658 omnia
557 2625 699 2669 templa
723 2624 761 2659 in
786 2625 936 2660 niodum
967 2626 1164 2661 testudinis
1196 2627 1304 2662 facta.
1357 2628 1421 2662 alii
1448 2629 1545 2663 hunc
1573 2629 1737 2663 ordinem
1764 2642 1825 2663 uo-

129 2669 228 2703 lunt:
260 2671 339 2704 tum
364 2670 502 2704 foribus
529 2671 636 2706 diuae
662 2672 794 2716 templi
819 2673 955 2707 resedit
980 2674 1104 2708 media
1130 2675 1318 2709 scutorum
1346 2676 1549 2719 testudine,
1576 2676 1671 2719 quod
1698 2678 1826 2720 saepta

131 2716 240 2750 armis
273 2719 361 2752 erat.
412 2718 483 2752 hoc
514 2729 629 2763 genus
660 2718 824 2755 fabricae
857 2731 878 2754 a
910 2720 1151 2756 similitudine
1186 2722 1383 2757 testudinis
1421 2724 1591 2766 uocatur,
1629 2735 1723 2766 quae
1756 2723 1826 2757 suit

130 2762 234 2807 uirgo
261 2764 440 2808 quaedam
467 2765 572 2809 parui
597 2766 758 2810 pendens
778 2767 875 2801 Iouis
901 2769 1139 2812 praeceptum
1159 2780 1225 2813 per
1244 2769 1482 2814 Mercurium,
1509 2770 1607 2814 quod
1632 2770 1694 2804 ille
1722 2782 1824 2814 prae-

131 2811 230 2854 cepit
256 2811 324 2845 diis
350 2812 519 2846 omnibus
546 2813 744 2857 bestiisque
770 2815 812 2848 ut
836 2814 1022 2849 uenissent
1051 2815 1097 2849 ad
1129 2816 1276 2860 nuptias
1302 2817 1461 2852 Iunonis.
1512 2818 1549 2851 in
1576 2817 1712 2851 animal
1748 2818 1824 2850 tale

131 2868 307 2892 conuersa
333 2860 405 2902 est,
438 2859 534 2893 unde
560 2859 763 2895 incuruatis
788 2861 966 2896 aedificiis
998 2862 1067 2896 hoe
1097 2874 1232 2897 nomen
1262 2864 1478 2908 impositum
1511 2866 1576 2898 est.
1606 2864 1641 2897 P
1669 2866 1680 2907 ΙΙ
1723 2868 1760 2897 12
1789 2867 1825 2897 et

131 2904 256 2939 labore
282 2916 347 2939 om.
371 2907 407 2939 P
423 2907 434 2950 ΙΙ
456 2911 496 2940 13
524 2907 676 2953 fiebant]
703 2907 891 2943 faciebant
910 2909 946 2942 B
965 2910 976 2954 ΙΙ
999 2913 1041 2943 14
1062 2910 1267 2955 solidoque]
1296 2913 1468 2955 sectoque
1488 2911 1523 2943 J:
1536 2912 1581 2944 M
1599 2912 1610 2955 Η
1632 2915 1672 2943 15
1698 2923 1823 2954 quani-

130 2951 186 2985 uis
212 2951 362 2996 quidam
387 2954 544 2997 iungant
570 2982 576 2988 .
605 2983 612 2990 .
641 2981 646 2987 .
675 2955 855 2999 expositio
881 2957 938 2990 est
963 2967 1027 2991 om.
1054 2957 1089 2990 B
1109 2958 1120 3001 ΙΙ
1149 2957 1315 3004 iiiedisssy's
1342 2958 1372 2991 C
1395 2959 1502 3001 (duae
1528 2959 1665 2991 littrrm’
1691 2969 1821 2992 erasae.

131 2999 252 3033 media
279 2999 335 3044 ΟΔ)
373 3011 508 3045 magna
536 3002 584 3034 M
608 3001 744 3046 (media
768 3004 814 3045 m)
835 3004 846 3046 ΙΙ
874 3007 914 3037 10
942 3005 979 3037 et
1004 3005 1131 3048 pronai
1161 3005 1207 3037 M
1215 3019 1225 3037 .·
1250 3008 1288 3038 et
1312 3016 1429 3048 prona
1453 3004 1524 3037 (111
1549 3006 1620 3048 (secl
1646 3006 1687 3038 in
1714 3005 1744 3037 (J
1766 3017 1822 3039 em-

126 3050 266 3087 puncta
290 3050 389 3091 sunt)
428 3059 492 3083 om.
520 3048 604 3081 LII
639 3050 711 3093 (sed
743 3052 780 3083 et
804 3051 956 3093 peronai
989 3052 1000 3084 l
1033 3052 1072 3085 in
1102 3062 1213 3094 mara.
1248 3052 1333 3085 haec
1364 3052 1519 3085 addens:
1558 3052 1707 3096 poi-onai
1741 3055 1824 3087 sunt

132 3091 239 3136 fores)
266 3095 303 3128 et
327 3094 423 3129 fores
448 3096 553 3139 vulgo
572 3098 584 3139 ΙΙ
606 3100 647 3130 18
673 3096 842 3141 incurua]
870 3098 1022 3141 obliqua
1041 3098 1121 3131 LI!
1147 3102 1177 3130 et
1207 3099 1370 3132 Isidorus
1389 3099 1400 3142 Η
1420 3103 1460 3131 21
1491 3099 1536 3133 ad
1559 3100 1614 3143 (111
1635 3101 1822 3144 sequentis

132 3137 265 3173 diuinis
290 3142 413 3176 aetate
441 3142 558 3187 01123
587 3144 796 3187 seperatum
824 3145 854 3177 (J
