2204 3437
301 911 343 940 10

303 1264 344 1293 15

367 159 452 200 350
1131 153 1290 188 SERVH

366 267 680 321 insepultorum
725 264 890 305 animas
928 276 1060 317 vagas
1099 277 1208 303 esse:
1251 263 1358 314 [erqo
1395 263 1608 313 vayantem
1645 260 1797 300 circum
1832 260 2060 314 sepulcrum

366 338 590 392 signifieat]
624 339 666 377 et
697 335 809 376 hunc
844 336 1014 375 constat
1043 348 1131 375 non
1162 332 1360 387 legitime
1392 330 1611 385 sepultum
1642 330 1785 371 fuisse.
1845 331 1926 372 rite
1958 345 2060 386 ergo

368 408 534 450 reddita
570 406 767 460 legitima
798 404 1036 459 sepultura,
1074 403 1185 445 redit
1217 403 1361 444 anima
1393 402 1445 443 ad
1478 401 1665 458 quietem
1698 401 1896 455 sepulcri,
1934 417 2061 456 quam

369 478 503 520 Stoici
548 475 835 525 herciscundi‚
879 475 921 515 id
964 478 1029 516 est
1073 475 1257 515 medium
1299 472 1451 526 secuti,
1494 475 1585 513 tam
1617 471 1689 512 diu
1722 471 1873 513 durare
1905 472 2061 526 dicunt,

369 565 494 603 quam
519 549 598 601 ,diu
629 547 754 588 durat
786 548 828 586 et
859 560 1032 600 corpus:
1070 545 1179 586 unde
1211 543 1438 599 Aegyptii,
1467 542 1598 597 periti
1631 543 1860 596 sapientia,
1893 543 2064 584 condita

371 620 529 661 diutius
555 618 778 659 reservant
805 616 1023 670 cadavera,
1052 616 1216 657 scilicet
1241 617 1290 656 ut
1315 614 1456 655 anima
1482 613 1619 654 multo
1645 616 1837 667 tempore
1862 614 2064 667 perduret

373 693 415 732 et
447 689 616 743 corpori
650 689 706 729 sit
739 688 942 740 obnoxia,
980 702 1058 728 nec
1091 687 1175 727 cito
1208 686 1261 727 ad
1294 685 1400 727 alios
1433 686 1636 726 transeat.
1697 683 1882 725 Romani
1915 686 2064 725 contra

368 761 596 814 faciebant,
628 759 924 801 comburentes
958 758 1176 807 cadavera,
1208 759 1257 798 ut
1289 756 1440 797 statim
1473 756 1617 796 anima
1648 755 1692 795 in
1724 754 2064 810 generalitatem,

369 832 412 873 id
445 834 511 872 est
542 832 586 872 in
617 845 738 872 suam
769 832 966 870 naturam
998 828 1170 869 rediret.
1220 827 1326 868 dicit
1357 841 1459 881 ergo
1492 840 1605 866 nunc
1638 825 1858 866 sacrificiis
1892 826 2064 880 quibus-

369 903 467 943 dam
511 902 699 943 elicitam
744 900 929 940 animam
979 902 1022 939 et
1065 898 1259 952 sepulcro
1301 897 1517 939 conditam
1555 897 1868 951 obnoxiamque
1905 896 2064 937 factam

370 973 555 1027 corpori,
598 971 710 1027 quod
754 973 854 1011 ante
898 969 1121 1022 horrebat,
1166 969 1289 1023 quasi
1326 983 1403 1023 per
1441 968 1528 1009 vim
1567 970 1747 1009 extorta.
1785 967 1880 1008 ideo
1921 969 2064 1008 autem

371 1043 538 1085 Stoicos
571 1042 758 1083 medium
791 1041 911 1095 sequi
945 1040 1144 1093 diximus,
1178 1040 1279 1094 quia
1309 1039 1436 1081 Plato
1468 1041 1720 1093 perpetuam
1752 1039 1854 1079 dicit
1881 1038 2066 1079 animam

371 1118 412 1156 et
457 1115 508 1156 ad
554 1115 721 1155 diversa
765 1126 945 1166 corpora
987 1111 1217 1152 transitum
1261 1111 1400 1152 facere
1444 1111 1594 1152 statim
1630 1124 1707 1164 pro
1745 1109 1912 1150 meritis
1951 1108 2066 1149 vitae

370 1186 537 1239 prioris.
587 1185 858 1238 Pythagoras
886 1198 986 1224 vero
1013 1197 1098 1224 non
1124 1179 1475 1236 μετεμψύχωσιν,
1509 1181 1581 1222 sed
1607 1181 1947 1234 παλιγγενεσίαν
1974 1193 2066 1220 esse

372 1256 487 1309 dicit,
519 1256 600 1296 hoc
633 1258 700 1295 est
731 1254 881 1306 redire,
914 1253 986 1294 sed
1018 1256 1116 1307 post
1147 1255 1326 1306 tempus.
1419 1263 1670 1294 SVPREMVM
1696 1266 1779 1293 non
1809 1253 1874 1292 est
1899 1264 2066 1303 nomen,

372 1327 444 1367 sed
477 1326 736 1379 adverbium,
768 1328 816 1365 ut
849 1323 961 1377 <VII
981 1324 1094 1378 399>
1121 1327 1321 1365 torvum
1348 1324 1548 1365 clamat.
1645 1334 1807 1364 CIEMVS
1834 1324 1977 1362 autem
2003 1323 2069 1361 est

370 1398 452 1438 hoc
483 1397 597 1438 loco:
639 1396 819 1437 dicimus
852 1409 968 1435 more
1003 1394 1220 1448 sollemni,
1258 1395 1304 1435 id
1332 1397 1389 1435 est
1419 1395 1533 1440 tertio
1567 1393 1702 1447 ‘vale,
1732 1407 1812 1433 nos
1844 1395 1887 1433 te
1921 1391 2068 1433 ordine

373 1483 455 1523 quo
487 1470 642 1508 natura
672 1457 916 1520 permiserit
948 1465 1090 1506 cuncti
1124 1464 1376 1519 sequemur'.
1425 1466 1593 1518 quidam
1624 1465 1764 1505 dicun-t
1793 1477 1931 1505 eorum
1961 1476 2068 1503 mor-

374 1543 536 1580 tuorum
569 1539 737 1580 nomina
770 1541 828 1578 ter
857 1537 1008 1586 vocari,
1040 1537 1111 1588 qui
1142 1536 1187 1576 in
1218 1536 1354 1576 (aliena
1386 1539 1495 1576 terra
1526 1536 1806 1585 dimittuntur,
1837 1538 1884 1575 ut
1914 1535 1957 1574 in
1996 1533 2067 1574 VI.

376 1610 518 1664 <506>
550 1613 593 1651 et
622 1622 796 1662 νεα-91101
826 1621 989 1649 manes
1022 1611 1092 1648 ter
1122 1621 1228 1647 voce
1257 1607 1435 1647 vocavi.

491 1681 557 1722 69.
608 1678 699 1734 (Ver
726 1677 864 1734 PRIMA)
910 1695 1025 1719 FIDES
1054 1695 1200 1719 PELAGO
1242 1677 1313 1718 hoc
1355 1681 1427 1727 est,
1475 1677 1544 1718 ubi
1585 1678 1706 1729 fidem
1746 1677 1886 1729 pelayo
1928 1675 2071 1716 habere

373 1752 588 1805 coepimus,
631 1764 704 1791 9208
747 1752 829 1790 tuto
872 1750 1148 1802 ηαυὶῃᾳύῑινοε.
1306 1758 1442 1788 FIDES
1488 1759 1671 1789 PELAGO
1716 1748 1817 1802 quia
1860 1746 1965 1787 alibi
2009 1746 2072 1786 ait

374 1822 441 1876 <V
475 1822 586 1875 851>
619 1821 815 1862 totiens
849 1820 1092 1874 deceptus
1124 1819 1302 1860 fraude
1336 1818 1516 1860 sereni-

494 1894 560 1933 70.
609 1903 743 1932 LENIS
777 1902 1030 1932 CREP1TANS
1063 1902 1243 1931 AVSTER
1280 1890 1362 1931 duo
1401 1889 1595 1943 epitheta
1632 1888 1777 1942 posuit
1815 1888 1987 1941 vitiose,
2024 1889 2072 1928 ut

330 1973 342 1980 ‘
376 1963 557 2003 diximus
591 1977 719 2016 supra
752 1962 821 2014 <II
853 1962 986 2015 392>1
1028 1961 1132 2002 fecit
1164 1964 1306 2001 autem
1338 1961 1419 2002 hoc
1451 1975 1583 2014 prope
1615 1961 1659 2000 111
1690 1960 1834 2000 decem
1866 1959 2070 1999 versibus.

377 2033 549 2074 ‘auster’
593 2036 735 2073 autem
768 2033 908 2087 quivis
941 2035 1110 2073 ventus:
1147 2046 1247 2072 ozam
1278 2033 1334 2073 ad
1366 2032 1591 2072 Thraciam
1623 2031 1811 2083 aquilone
1840 2030 2070 2082 naviyatw.

474 2154 493 2183 3
519 2160 630 2193 quam
656 2161 699 2183 em
724 2160 832 2192 quem
859 2149 892 2181 L
917 2150 928 2192 ΙΙ
955 2147 1105 2182 histoici
1132 2148 1170 2181 F
1194 2149 1206 2192 ΙΙ
1235 2152 1255 2181 4
1281 2147 1512 2181 herciscundi
1538 2147 1577 2180 id
1603 2147 1659 2180 est
1684 2145 1845 2180 medium
1872 2145 1989 2179 secuti
2015 2145 2069 2178 F:

380 2197 508 2231 dicunt
532 2207 615 2231 aere
642 2196 802 2231 secunda
828 2196 865 2229 id
892 2198 947 2230 cst
972 2196 1005 2228 L
1043 2196 1092 2229 id,
1127 2196 1156 2230 ἐ.
1192 2195 1391 2228 secundum
1423 2194 1586 2228 medium
1613 2193 1729 2227 secuti
1754 2193 1797 2226 H
1830 2192 1991 2226 medium
2019 2203 2071 2226 se-

377 2270 529 2311 quentes
557 2269 604 2301 ΛΠ
611 2268 650 2301 Ε
683 2269 735 2310 (at
768 2266 885 2300 secuti
916 2278 1090 2309 διψῶ-εον.
1119 2267 1184 2307 me)
1210 2266 1247 2298 id
1275 2267 1330 2299 est
1356 2264 1466 2299 divisi
1491 2264 1653 2299 medium
1679 2265 1873 2307 sequentes
1899 2264 2071 2308 mythoyr.

376 2313 618 2359 ἡμισεύοντες
651 2315 689 2348 id
725 2315 781 2348 est
812 2314 973 2348 medium
1007 2313 1123 2348 secuti
1149 2313 1313 2357 Ryclcc‘zcs
1342 2312 1450 2347 terris
1484 2312 1592 2346 condi
1623 2312 1661 2345 id
1688 2314 1744 2345 est
1768 2310 1931 2344 medium
1957 2310 2073 2344 secuti

379 2363 586 2397 Man-icius
612 2366 643 2396 et
662 2362 902 2395 lxm-maumas
920 2362 932 2405 ll
952 2365 972 2394 4
1000 2372 1111 2404 quam
1132 2360 1211 2405 diu]
1234 2370 1344 2403 (11111111
1365 2360 1428 2402 (1111
1448 2359 1487 2392 F
1503 2361 1514 2403 ΙΙ
1535 2358 1738 2403 sapientiae
1761 2357 1800 2391 F
1833 2357 1869 2391 in
1891 2357 2073 2401 sapientia

376 2411 548 2454 mythogyr.
575 2410 587 2453 ΙΙ
611 2409 801 2443 incondita
827 2408 859 2441 L
884 2409 895 2452 ΙΙ
922 2413 941 2442 6
970 2408 1189 2442 reseruande
1218 2407 1257 2440 H
1296 2408 1524 2441 reseruantes
1552 2406 1645 2439 ME
1669 2407 1680 2449 Η
1707 2409 1725 2439 7
1752 2404 1853 2438 aliud
1881 2404 1920 2438 F
1936 2406 1947 2448 ΙΙ
1973 2408 1992 2438 9
2019 2414 2072 2438 re-

379 2470 500 2503 curret
523 2469 569 2502 M
594 2469 812 2511 (recurreret
836 2479 881 2508 m,
908 2469 946 2501 111
972 2467 1108 2501 rediret
1127 2467 1275 2506 addens»)
1298 2467 1337 2499 as
1356 2467 1559 2500 recurreret
1577 2476 1751 2508 super-scr.
1771 2477 1788 2499 e
1806 2466 1818 2509 {l
1840 2468 1879 2498 11
1901 2452 2073 2497 horrebat

379 2517 421 2549 L.
448 2518 600 2558 sertas-sc
626 2515 773 2549 errabat
803 2515 814 2558 ΙΙ
848 2519 888 2547 13
917 2514 1078 2559 diversa]
1106 2525 1213 2547 uersa
1239 2514 1278 2546 Il
1303 2514 1314 2556 ΙΙ
1348 2517 1390 2546 14
1415 2513 1632 2556 phitagoras
1658 2512 1742 2545 LH
1775 2512 1964 2556 pitagoras
1992 2510 2039 2543 M
2062 2534 2073 2554 3

616 2580 760 2598 I’CICOSIN
782 2577 791 2598 l

377 2622 451 2645 non
476 2608 776 2643 11εἰ-ε11η1(τ1·(;κ101”
813 2608 876 2642 sed
902 2607 1190 2652 palingeneorax
1216 2617 1293 2640 esse
1321 2606 1455 2639 dicitur
1481 2606 1526 2647 L,
1552 2618 1617 2639 om.
1645 2606 1687 2639 H
1708 2617 1782 2639 non
1807 2603 2072 2648 metempsicon

381 2680 695 2725 (motempsicosin
720 2682 767 2721 m)
801 2678 864 2712 sed
890 2677 1153 2721 palangenesia
1179 2688 1255 2711 esse
1283 2676 1374 2710 dicit
1402 2676 1447 2709 M
1483 2677 1494 2720 Η
1535 2680 1575 2709 16
1603 2677 1658 2709 est
1683 2676 1809 2709 delevit
1835 2675 1846 2708 l
1883 2675 1895 2718 ΙΙ
1934 2678 1975 2707 17
2004 2674 2073 2707 hoc

382 2730 463 2763 loco
491 2727 589 2772 quod
615 2726 771 2760 dicimus
800 2725 838 2758 1¹*
859 2727 871 2768 ΙΙ
896 2724 1078 2768 solempni
1104 2724 1142 2757 Jv'
1178 2724 1333 2757 solemni
1360 2724 1392 2756 L
1411 2724 1423 2767 11
1452 2724 1549 2767 1111101
1577 2723 1679 2757 uolla
1703 2722 1743 2755 F
1759 2724 1770 2766 ΙΙ
1796 2733 1860 2755 nos
1886 2721 1938 2765 te]
1967 2720 2072 2754 Nosti

383 2776 425 2809 H
452 2777 464 2819 ΙΙ
496 2780 536 2809 18
564 2773 750 2817 sequimur
776 2772 856 2805 LH
886 2772 898 2815 ΙΙ
931 2776 972 2805 19
1000 2772 1055 2816 ut]
1084 2772 1148 2804 aut
1174 2771 1213 2804 1⁸
1242 2772 1253 2814 ΙΙ
1285 2775 1328 2805 20
1356 2772 1403 2804 ad
1429 2770 1547 2814 prima
1574 2770 1663 2803 fides
1688 2781 1802 2812 supra
1828 2779 1964 2801 Ursum
1990 2768 2075 2801 haec

383 2823 570 2866 adscripta
602 2823 642 2855 in
673 2821 704 2853 Τ
738 2821 936 2864 postquam
963 2818 1051 2852 data
1077 2819 1132 2851 est
1158 2818 1262 2851 nobis
1288 2818 1423 2851 fiducia
1448 2818 1485 2850 111
1510 2817 1642 2861 pelago
1669 2816 1746 2850 siue
1772 2818 1966 2859 postquam
1993 2825 2073 2848 coe-

383 2871 504 2914 pimus
539 2869 675 2903 habere
710 2868 820 2901 fidem
852 2866 888 2899 in
924 2866 1058 2910 pelago
1094 2876 1158 2898 nos
1193 2866 1274 2899 tuto
1301 2865 1550 2908 nanigaturos.
1583 2865 1594 2907 Η
1626 2868 1669 2897 :22
1696 2875 1796 2896 run-:s
1823 2873 1958 2895 ramo-o
1986 2861 2074 2904 quia

414 2945 420 2951 .
443 2944 449 2950 .
479 2916 597 2950 sereni
623 2926 688 2949 om.
717 2914 756 2948 F
782 2915 794 2958 ΙΙ
826 2913 881 2948 ait
905 2924 970 2947 om.
997 2912 1030 2946 L
1062 2914 1073 2955 ΙΙ
1105 2916 1148 2945 23
1175 2923 1321 2945 serenus
1347 2912 1387 2945 H
1415 2913 1426 2954 ΙΙ
1458 2915 1502 2945 ‘23
1531 2910 1666 2944 uitiosa
1690 2910 1766 2952 ΗΗ
1793 2913 1835 2942 25
1863 2907 1992 2953 prope]
2019 2908 2072 2941 in-

384 2963 531 3008 proprie
558 2962 598 2996 F
620 2961 807 3006 inproprie
832 2971 946 3004 prope
973 2960 1177 3002 Stephanus
1201 2960 1212 3001 ΙΙ
1244 2963 1286 2991 26
1315 2958 1435 3002 quiuis
1463 2959 1592 2992 ventus
1620 2956 1721 2990 FH:
1747 2955 1877 2999 quouis
1903 2959 2014 2989 uento
2040 2955 2072 2987 L

383 3022 448 3053 pro
476 3010 605 3053 quouis
631 3011 742 3043 uento
772 3008 882 3042 Mls'l
912 3009 924 3051 ΙΙ
953 3005 1101 3051 ventus]
1134 3005 1317 3049 quomodo
1349 3006 1472 3039 auster
1498 3016 1541 3039 ex
1567 3003 1743 3045 Thracia,
1775 3013 1856 3036 cum
1884 3002 1974 3035 lenis
2001 3001 2070 3035 sit?

384 3057 555 3090 soluitur:
591 3056 743 3090 ‘auster'
772 3066 837 3099 pro
869 3053 1036 3097 quolibet
1065 3055 1175 3087 uento
1209 3052 1409 3096 accipimus
1442 3053 1556 3085 Lione
1587 3054 1668 3084 teste
1694 3051 1776 3085 add.
1805 3049 1983 3091 (r'zwlferb.
2012 3049 2039 3082 I
2063 3062 2071 3093 1ἱ

384 3103 527 3138 trachia
555 3103 600 3138 1¹¹.
633 3115 721 3135 corr.
752 3103 884 3135 Daniel

2182 1688 2204 1777 5

2171 2428 2204 3135 i

2176 3198 2195 3278 1

2179 3285 2204 3332 r
