2204 3437
552 181 701 216 COMM.
727 181 779 215 IN
805 179 947 214 VERG.
974 178 1083 213 AEN.
1111 177 1173 210 ΠΙ.
1202 181 1351 210 69—73.
1709 173 1792 213 351

104 291 235 333 ‘lewis’
261 294 395 332 autem
421 292 506 331 ideo
532 291 630 342 quia
654 289 840 342 superdas
860 286 943 340 <8>
964 287 1026 327 ait
1049 286 1130 326 vix
1148 285 1315 337 prima
1339 285 1590 335 inceperat
1614 285 1794 330 aestas,

102 367 140 404 et
170 363 274 404 lenes
303 363 410 403 venti
432 375 509 414 per
539 363 730 401 aestatem
761 361 866 399 sumt.

223 434 289 474 71.
339 449 549 473 DEDmuvT
569 431 748 483 proprie,
779 432 826 469 ut
854 442 874 468 0
904 427 1108 468 contrario
1141 424 1406 466 ‘subduezmt'.

224 505 290 545 72.
341 514 621 552 TERRAEQVE
654 511 893 548 VRBESQVE
926 508 1172 539 RECEDVNT
1206 496 1430 549 physicam
1463 509 1552 535 rem
1579 493 1704 534 dixit:
1737 493 1799 533 ita

107 574 219 615 enim
251 573 555 627 navigantibus
587 572 764 620 videtur,
799 569 920 624 quasi
953 568 1005 608 ab
1038 567 1106 607 his
1139 569 1255 607 terra
1288 566 1489 606 discedat.

225 645 289 685 73.
353 656 497 686 SACRA
543 654 658 683 MARI
703 652 904 683 COLITVR
949 649 1098 679 nenio
1145 636 1246 677 ordo
1294 638 1376 676 est:
1421 636 1464 676 in
1509 635 1617 675 mari
1656 633 1795 674 medio

104 716 276 769 Aegaeo
309 715 464 756 colitur
495 714 623 754 tellus
658 727 789 765 sacra,
822 710 1022 765 Neptuno
1051 711 1093 749 et
1117 706 1351 747 Nereidum
1384 707 1526 759 matri,
1558 706 1601 745 id
1628 704 1797 745 estDo-

104 786 184 826 ridi
228 785 488 840 gratissima.
559 783 706 824 fabula
750 785 884 823 antem
928 780 1027 820 talis
1073 781 1153 819 est:
1204 780 1302 831 post
1346 778 1542 818 vitiatam
1586 776 1797 817 Latonam

102 856 296 910 Iuppiter
327 869 422 896 eum
455 855 583 895 etiam
617 854 706 894 eius
734 867 921 893 sororem
942 850 1143 891 Asterien
1170 849 1324 890 vitiare
1351 848 1494 900 vellet,
1527 848 1602 887 illa
1636 846 1800 900 optavit

103 943 127 968 a
160 927 260 980 diis,
304 928 351 967 ut
388 926 434 966 in
471 940 593 966 avem
627 925 960 965 converteretur:
1008 935 1214 974 versaque
1247 920 1290 960 in
1323 918 1586 960 coturnicem
1619 921 1695 958 est.
1758 920 1799 957 et

104 1013 198 1039 cum
231 997 363 1038 vellet
395 1011 512 1037 mare
544 995 846 1047 transfretare,
879 992 992 1047 quod
1024 994 1089 1032 est
1122 990 1407 1042 coturnicum,
1454 988 1613 1029 adflata
1646 1002 1670 1028 a
1701 987 1800 1027 Iove

105 1072 147 1110 et
179 1069 224 1109 in
255 1068 440 1121 lapidem
475 1080 690 1117 conversa,
723 1065 795 1104 diu
829 1063 907 1103 sub
941 1062 1141 1102 fluctibus
1170 1060 1310 1101 latuit.
1355 1063 1506 1113 postea
1532 1059 1800 1112 supplicante

103 1139 195 1181 Iovi
234 1138 416 1191 Latona,
456 1138 601 1178 levata
639 1135 871 1189 superferri
909 1133 1032 1187 aquis
1072 1132 1223 1185 coepit.
1286 1131 1389 1171 haec
1428 1131 1566 1184 primo
1599 1129 1801 1183 Neptuno

103 1214 146 1251 et
177 1209 331 1251 Doridi
362 1209 445 1249 fuit
478 1209 735 1249 consecrata.
796 1208 948 1259 postea
986 1218 1082 1245 cum
1113 1203 1220 1244 Iuno
1254 1201 1476 1256 gravidam
1510 1200 1705 1255 Pythone
1738 1200 1798 1239 in-

103 1281 234 1322 misso
267 1280 481 1322 Latonam
512 1279 856 1332 persequeretur,
889 1275 1015 1316 terris
1050 1273 1248 1315 omnibus
1283 1273 1459 1326 expulsa
1491 1272 1672 1325 Latona,
1704 1274 1797 1311 tan-
1849 1277 1862 1305 ἴ

103 1354 198 1394 dem
232 1351 462 1406 aliquando
497 1349 736 1403 aclplicante
770 1362 814 1388 se
846 1346 1048 1387 litoribus
1089 1359 1233 1386 sorore
1273 1346 1471 1397 suscepta
1511 1346 1592 1395 est,
1632 1344 1673 1382 et
1711 1341 1801 1381 illie

104 1425 288 1465 Dianam
319 1423 471 1477 primo,
502 1423 602 1474 post
633 1418 882 1472 Apollinem
914 1417 1092 1470 peperit.
1143 1416 1216 1470 qui
1249 1415 1397 1456 statim
1431 1413 1569 1455 occiso
1605 1412 1801 1466 Pythone

104 1496 218 1536 ultus
258 1500 323 1536 est
354 1492 508 1534 matris
540 1491 757 1532 iniuriam.
820 1502 920 1529 sane
952 1490 1056 1528 nata
1088 1486 1231 1527 Diana
1263 1485 1520 1540 parturienti
1552 1483 1801 1538 Apollinem

104 1565 234 1606 matri
272 1564 429 1605 dicitur
466 1561 716 1616 praebuisse
757 1558 1001 1600 obstetricis
1041 1557 1251 1598 officium:
1296 1556 1404 1597 unde
1445 1571 1539 1596 cum
1572 1554 1713 1595 Diana
1747 1554 1803 1594 sit

104 1637 245 1690 virgo,
289 1638 435 1676 tamen
467 1649 492 1674 a
523 1630 868 1686 parturientibus
902 1630 1138 1670 invocatur.
1198 1628 1303 1669 haec
1335 1641 1520 1680 namque
1554 1629 1618 1666 est
1650 1625 1801 1678 Diana,

104 1707 223 1760 Iuno,
255 1705 526 1758 Proserpina.
588 1704 691 1743 nata
722 1701 856 1755 igitur
888 1701 970 1741 duo
1002 1699 1179 1740 numina
1212 1700 1371 1738 terram
1405 1698 1488 1738 sibi
1520 1697 1708 1737 natalem
1742 1710 1802 1736 er-

105 1792 200 1818 rare
231 1791 318 1818 non
349 1790 478 1830 passa
511 1777 628 1828 sunt,
661 1773 733 1814 sed
768 1787 860 1813 eam
892 1772 1056 1812 duabus
1089 1770 1240 1811 insulis
1274 1769 1581 1823 religaverunt.
1643 1767 1803 1808 Veritas

105 1863 205 1890 vero
245 1848 372 1902 longe
412 1847 497 1888 alia
536 1848 610 1886 est.
637 1864 640 1869 ·
672 1843 773 1884 nam
812 1843 917 1883 haec
950 1841 1092 1882 insula
1124 1855 1220 1881 cum
1253 1842 1391 1880 terrae
1424 1842 1544 1879 motu
1577 1839 1804 1890 laboraret,

107 1920 180 1974 qui
212 1919 261 1960 fit
293 1919 371 1960 sub
404 1917 531 1959 terris
564 1915 808 1956 latentibus
833 1913 984 1966 ventis,
1018 1913 1130 1953 sicut
1161 1912 1356 1952 Lucanus
1391 1909 1485 1963 <HI
1511 1909 1626 1961 460>
1661 1923 1805 1962 quae-

106 1992 303 2031 rentem
348 2002 609 2042 erumpere
652 1988 858 2027 ventum
903 1982 1144 2036 eredidit,
1190 1982 1363 2023 oraoulo
1403 1981 1620 2034 Apollinis
1664 1982 1839 2020 terrae*

108 2064 230 2103 motu
269 2060 416 2101 caruit.
478 2074 579 2099 nam
617 2057 855 2112 praecepit,
898 2070 950 2096 ne
989 2054 1079 2094 11110
1117 2055 1312 2094 mortuus
1356 2051 1626 2105 sepeliretur,
1676 2054 1723 2091 w}
1760 2051 1803 2091 ‘in

116 2133 310 2185 Vulcano,
344 2133 386 2171 et
416 2130 544 2171 iussit
577 2128 785 2184 quaedam
817 2126 1027 2168 sacrificia
1058 2125 1162 2165 fieri.
1208 2127 1359 2177 postea
1386 2137 1407 2163 e
1432 2122 1617 2175 Mycono
1646 2120 1809 2175 Gyaro-

116 2217 195 2257 que
227 2202 379 2243 vieinis
411 2201 564 2242 insulis
596 2199 745 2254 populi
777 2200 1003 2250 venerunt,
1043 2196 1115 2249 qui
1148 2210 1239 2236 eam
1273 2196 1486 2245 tenerent3
1532 2192 1645 2246 quod
1678 2192 1808 2232 etiam

203 2323 222 2352 3
249 2318 445 2352 Deducunt
471 2344 478 2351 .
507 2345 513 2351 .
543 2345 549 2350 .
577 2315 801 2360 subducunt]
836 2314 880 2349 ef.
908 2313 993 2347 Isid.
1020 2311 1095 2347 diff.
1123 2312 1221 2346 verb.
1251 2314 1316 2344 156
1342 2311 1353 2353 ΙΙ
1384 2314 1404 2343 8
1432 2309 1515 2353 post
1541 2308 1711 2342 vitiatam
1739 2308 1807 2341 La-

108 2369 235 2401 tonam
262 2376 291 2399 e.
318 2377 352 2409 q.
380 2365 423 2410 si]
459 2375 572 2398 exscr.
608 2363 792 2407 mythogr.
819 2362 834 2395 Ι
861 2365 922 2404 37,
949 2361 982 2394 II
1011 2364 1072 2402 17,
1099 2360 1148 2393 III
1176 2364 1216 2402 8,
1244 2362 1274 2391 3.
1312 2358 1356 2390 cf.
1383 2356 1486 2390 Luct.
1514 2356 1613 2389 Plac.
1641 2355 1688 2389 ad
1715 2354 1807 2388 Stat.

113 2414 226 2447 Theb.
254 2413 304 2447 IV
332 2416 411 2455 796,
439 2412 468 2445 V
496 2415 575 2454 533,
601 2411 693 2444 Ach.
720 2410 735 2443 I
761 2413 840 2453 206,
867 2411 935 2442 388

207 2523 228 2553 4
254 2518 345 2553 dicit
371 2518 451 2552 LE
467 2519 479 2562 11
499 2521 518 2551 5
545 2516 720 2550 discedat.
747 2516 838 2549 item
865 2515 973 2549 aliter
998 2513 1084 2553 iuno
1112 2524 1194 2547 011111
1222 2511 1376 2545 uidisset
1403 2538 1409 2544 .
1431 2539 1437 2545 .
1460 2539 1467 2544 .
1495 2508 1687 2543 altissimis
1707 2519 1807 2542 mon-

112 2567 211 2601 tibus
238 2566 285 2610 F,
319 2567 382 2610 qm'
407 2575 507 2599 error
533 2576 575 2599 ea
600 2575 637 2598 re
662 2566 856 2598 eatcusatm·
881 2563 976 2606 quod
1001 2573 1206 2598 mmmmm:
1235 2587 1241 2594 .
1270 2586 1276 2592 .
1305 2585 1311 2590 .
1339 2556 1529 2592 altissimis
1556 2556 1743 2591 montibus
1769 2556 1810 2588 in

110 2615 252 2657 deum,
291 2613 470 2647 Serviane
508 2612 555 2646 ad
597 2609 717 2645 ‘saera
755 2609 849 2644 mari
881 2609 1014 2644 colitur
1046 2607 1189 2642 medio’
1226 2607 1266 2640 in
1297 2606 1445 2639 sinistro
1478 2605 1641 2647 onarfflssnc
1673 2603 1810 2645 scripta

109 2665 195 2695 sunt
219 2663 231 2705 [1
260 2665 279 2695 7
307 2671 397 2705 egeo
423 2659 508 2693 LH
541 2669 656 2703 aegeo
684 2658 732 2692 M
753 2659 764 2701 ΙΙ
793 2660 813 2691 8
840 2657 1024 2690 Latonam
1049 2666 1114 2690 om.
1144 2654 1183 2687 F
1205 2655 1217 2699 ΙΙ
1245 2658 1264 2687 0
1292 2652 1454 2686 astarien
1482 2652 1521 2684 H
1545 2654 1556 2694 Η
1585 2649 1711 2684 uitiari
1738 2649 1777 2682 F
1799 2649 1810 2695 11

109 2708 191 2753 ipsa
218 2708 267 2742 M
290 2710 320 2750 (1
344 2707 412 2741 illa
436 2717 611 2750 superscr.
639 2718 672 2739 m
691 2705 703 2749 ΙΙ
724 2709 766 2738 10
788 2704 843 2738 dis
864 2704 950 2737 LH
972 2703 1056 2745 (diis
1082 2703 1107 2746 Ζ)
1127 2704 1138 2746 ΙΙ
1159 2706 1198 2735 11
1222 2700 1340 2734 maria
1361 2699 1453 2733 FM
1471 2700 1482 2742 Η
1502 2698 1642 2732 adflata
1669 2699 1721 2731 est
1744 2696 1801 2729 F‘

112 2760 155 2789 13
181 2755 306 2790 latone
332 2754 419 2789 LH
440 2754 581 2797 (latona
607 2754 631 2796 Z)
651 2754 663 2797 ΙΙ
689 2752 835 2786 eleuata
862 2751 1001 2784 FME
1018 2752 1029 2793 ΙΙ
1056 2750 1229 2794 Neptuno
1256 2760 1320 2782 oms.
1352 2746 1416 2790 Fu
1446 2750 1488 2779 14
1514 2745 1666 2789 phitone
1693 2744 1778 2777 ΕΗ

113 2806 155 2836 15
182 2803 434 2846 insequeretur
463 2800 529 2844 ΡΗ
555 2800 746 2844 expulsam
775 2798 867 2832 ME
884 2800 895 2842 ΙΙ
922 2802 964 2831 16
992 2796 1215 2842 applicando
1243 2795 1450 2829 Mascicms
1469 2795 1480 2836 ΙΙ
1500 2804 1522 2826 a
1548 2802 1670 2826 sorore
1699 2791 1811 2824 MEI

115 2850 320 2884 Masvicius
338 2850 351 2894 ll
372 2853 413 2883 17
440 2847 588 2892 peperit
614 2875 620 2880 .
643 2874 650 2880 .
673 2874 680 2880 .
708 2845 919 2890 Apollinem
946 2856 1010 2879 om.
1035 2844 1074 2877 F
1089 2845 1101 2888 {l
1119 2843 1273 2888 phitone
1300 2842 1331 2874 L
1364 2841 1524 2885 phetone
1546 2839 1588 2872 H
1618 2838 1810 2882 phythone

114 2897 162 2930 M
179 2899 190 2941 ΙΙ
209 2901 254 2931 20
280 2897 373 2930 haec
398 2906 555 2938 namque
576 2894 667 2928 Iuno
686 2893 807 2926 Diana
826 2892 1046 2936 Proserpina
1071 2892 1244 2935 mytltofjr.
1268 2890 1293 2922 Ι
1317 2889 1409 2921 haee
1434 2898 1593 2929 namquo
1615 2887 1673 2919 est
1693 2884 1812 2918 Diana

113 2944 217 2978 Luna
241 2943 461 2987 Proserpina
486 2942 658 2986 mythogsr.
686 2940 741 2974 ΙΙ
758 2942 769 2984 ΙΙ
796 2944 837 2973 21
866 2939 1073 2973 naturalem
1102 2938 1141 2971 F
1162 2939 1174 2982 ss
1200 2941 1242 2970 22
1270 2936 1307 2969 111
1335 2935 1475 2968 duabus
1502 2934 1534 2965 L
1553 2934 1565 2977 11
1584 2931 1729 2977 insulis]
1757 2931 1810 2965 in-

114 2991 267 3036 singulis
299 2991 343 3024 Η
375 2991 387 3034 11
424 2994 469 3024 24
501 2988 711 3023 labentibus
742 2987 915 3031 mytlzoyr.
944 2987 1026 3020 III
1061 2988 1072 3029 Η
1110 2985 1205 3019 sicut
1237 3012 1243 3018 .
1273 3011 1278 3016 .
1309 3011 1314 3016 .
1342 2980 1516 3025 eredidit]
1551 2978 1811 3023 quaerentibus

115 3048 322 3082 erumpere,
359 3038 455 3071 sicut
485 3037 654 3071 Lucanus
686 3034 843 3068 credidit
873 3034 1044 3077 wytleoyr.
1076 3034 1124 3065 Il
1153 3034 1164 3075 Η
1190 3035 1232 3064 25
1261 3028 1432 3072 credidit]
1459 3027 1576 3071 petito
1606 3026 1717 3060 ME!
1735 3028 1746 3070 Η
1767 3029 1808 3059 27

116 3084 262 3119 micono
289 3085 375 3118 LH
408 3094 587 3129 myconoe
616 3082 709 3116 ME
745 3082 888 3115 micone
915 3083 925 3114 l
951 3082 962 3125 ΙΙ
988 3084 1031 3114 28
1059 3078 1257 3114 tenuerunt
1283 3076 1321 3110 ff
1343 3077 1354 3119 ll
1380 3076 1478 3118 quod
1505 3074 1616 3108 etiam
1645 3102 1650 3108 .
1679 3101 1685 3107 .
1715 3103 1720 3108 .
1749 3072 1812 3116 qui

115 3133 170 3166 est
195 3132 329 3176 Apollo
355 3143 419 3165 (κη,
451 3131 489 3164 F
531 3146 535 3149 ·

1831 923 1869 951 10

1828 1630 1872 1659 20

1834 2006 1850 2014 Ι
1834 1985 1850 2003 κ.)

1856 1985 1875 2013 CN
