2204 3437
563 198 711 235 COMM.
737 198 788 234 IN
815 199 954 234 VERG.
981 198 1091 234 AEN.
1118 198 1160 233 ΙΙ.
1189 202 1384 234 213-227,
1730 199 1813 240 257

129 322 238 362 aqua
278 309 426 362 currit,
467 323 492 349 a
531 307 743 349 diluendo.
805 310 871 349 est
909 309 1051 348 autem
1090 306 1370 361 synecdoche,
1408 306 1489 347 hoc
1527 309 1592 353 es'n
1633 322 1657 347 a
1694 310 1815 360 parte

128 368 277 419 totum‘.
353 379 484 420 Varro
521 382 655 420 autem
693 393 829 420 rerum
864 379 1100 420 divinarum
1144 378 1244 419 libro
1283 377 1452 429 †XIX.
1490 378 1699 419 delubrum
1736 391 1816 419 esse

0 438 1 499 1
127 449 225 490 dicit
253 451 328 490 aut
355 449 425 490 ubi
447 450 578 502 plura
603 450 778 490 numina
801 449 874 490 sub
904 463 985 490 uno
1012 451 1106 489 tecto
1134 450 1247 500 sunt,
1279 451 1325 488 ut
1349 447 1614 500 Capitolium,
1646 452 1720 489 aut
1748 449 1818 489 ubi

28 511 30 513 ’
119 522 282 572 praeter
319 520 455 561 aedem
492 534 589 561 area
626 522 682 562 sit
716 521 933 573 adsumpta
970 520 1087 560 deum
1124 532 1265 570 causa,
1302 521 1349 558 ut
1384 519 1429 559 in
1465 519 1568 560 circo
1598 519 1817 560 Flaminio

126 589 218 631 Iovi
243 589 417 640 Statori,
449 594 523 631 aut
552 592 597 632 in
627 605 704 644 quo
731 592 810 632 loeo
842 591 906 632 dei
936 590 1111 631 dieaticm
1140 589 1195 630 sit
1218 588 1503 640 simulacrum,
1534 593 1581 630 ut
1606 588 1745 645 (sicut)
1774 591 1817 631 in

129 673 205 713 quo
235 660 370 713 ftqitnt
399 662 626 712 candelam,
665 662 949 704 candelabrum
980 660 1201 714 appellant,
1233 661 1290 701 sic
1319 660 1365 700 in
1396 674 1472 712 quo
1504 661 1621 701 deum
1644 664 1818 714 ponunt,

127 730 337 772 delubrum
367 732 514 772 dicant.
565 747 655 786 erqo
695 733 759 774 liic
790 747 881 774 cum
906 733 1004 774 dicit
1035 731 1221 773 edelubra
1247 732 1303 772 ad
1326 744 1487 772 summa
1518 731 1744 783 dracones’,
1775 736 1821 773 ut

127 805 225 843 esset
254 802 579 853 manifestatum,
609 803 812 844 subteoeuit
841 803 905 844 dei
941 803 1228 852 simulacrum;
1267 803 1415 843 adiecit
1443 803 1552 843 enim
1584 801 1819 855 ‘sacraeque

122 875 270 925 petunt
313 872 541 914 Tritonidis
588 872 755 927 arcem’‚
797 886 867 914 nec
901 873 1180 926 praetermisit
1225 872 1325 925 quin
1365 873 1428 913 dei
1470 885 1614 913 nomen
1661 873 1822 913 adderet

127 944 261 985 dicens
293 941 386 984 ‘sub
409 943 657 996 pedibusque
681 944 775 985 deae
800 944 991 997 clipeique
1015 943 1088 985 sub
1113 943 1203 984 orbe
1228 942 1448 996 tequntur’,
1479 957 1529 984 ne
1553 944 1640 984 sine
1664 943 1820 983 ratione

126 1014 283 1055 delubri
312 1027 457 1055 nomen
480 1014 665 1056 intulisse
695 1015 904 1055 rideretur.
948 1013 1168 1055 Masurius
1193 1013 1373 1055 Sabinus
1404 1013 1671 1063 delubrum‚
1704 1014 1819 1065 effi-

1844 600 1864 629 271

1848 954 1860 982 1
1869 953 1889 979 Ο

123 1085 242 1137 (sies,
274 1098 301 1124 a
331 1084 661 1126 delibratione
690 1085 913 1134 corticis;
951 1098 1062 1125 nam
1099 1085 1297 1136 antiqui
1331 1084 1555 1136 felicium
1592 1084 1821 1125 arborum
1869 1105 1874 1109 ·

127 1167 288 1196 ramos
324 1156 502 1196 cortice
537 1156 751 1196 detracto
795 1156 847 1196 in
885 1155 1086 1208 effiqies
1123 1156 1318 1196 deorum
1353 1155 1655 1209 formabant,
1700 1156 1822 1196 unde

129 1224 307 1266 Graeci
338 1222 528 1275 ξόανον
559 1226 704 1267 dicun
716 1229 740 1266 t.
801 1226 877 1267 alii
907 1226 1117 1267 delubrum
1148 1227 1289 1267 dieunt
1319 1226 1511 1278 templum
1549 1227 1599 1267 ab
1636 1240 1679 1267 eo
1718 1227 1824 1279 quod

128 1296 232 1337 nulli
262 1296 446 1337 iunctum
476 1296 658 1348 aedificio
682 1296 834 1349 pluvia
864 1296 1060 1338 diluatur.

246 1367 342 1408 226.
393 1378 569 1408 SAEVAE
602 1366 746 1418 fortis,
787 1369 861 1408 au'o
892 1367 1070 1408 nobilis:
1109 1370 1182 1408 aut
1211 1368 1267 1409 ad
1296 1371 1450 1421 tempus
1480 1367 1678 1421 epitheton
1709 1369 1822 1410 addi-

130 1441 232 1492 tum,
262 1441 336 1478 aut
364 1451 484 1479 saera
514 1438 621 1478 circa
656 1438 866 1479 Troicmos.

247 1509 344 1549 227.
394 1519 478 1550 SVB
516 1520 808 1559 PEDIBVSQVE
845 1520 970 1550 DEAE
1011 1509 1176 1550 scilicet
1215 1510 1390 1551 maioris
1436 1509 1670 1564 simulacri,
1710 1510 1822 1565 quod

130 1594 154 1619 a
195 1579 359 1619 cunc-tis
400 1579 583 1633 videtum
626 1595 727 1620 nam
767 1579 880 1634 quod
922 1580 1078 1621 colitur
1120 1582 1163 1621 et
1201 1580 1328 1621 breve
1367 1583 1432 1621 est
1471 1583 1514 1621 e‘n
1550 1580 1673 1634 latet,
1713 1581 1824 1622 sicut

131 1649 371 1690 Palladium
409 1649 560 1691 fuerab.
622 1665 705 1692 non
741 1664 832 1704 erqo
864 1651 1113 1692 contrarium
1143 1654 1199 1692 est
1229 1652 1335 1703 quod
1363 1654 1458 1704 post
1485 1654 1650 1704 raptum
1681 1651 1821 1692 Palla-

127 1705 246 1761 'dium
275 1721 418 1762 intulit
449 1720 596 1762 ‘deae'.
647 1735 746 1762 saue
777 1721 848 1762 lioc
879 1722 960 1763 loco
994 1720 1107 1763 esub'
1131 1721 1385 1773 particulam
1415 1723 1584 1763 secundo
1616 1723 1820 1774 repetendo

131 1792 290 1844 utrique
321 1792 435 1832 casui
465 1792 624 1833 iunxit:
655 1793 900 1842 accusativo,
933 1806 1022 1833 eum
1046 1793 1213 1844 proprie
1237 1793 1496 1846 sigynife'cavit,
1527 1796 1574 1833 ut
1597 1793 1652 1833 sit
1682 1791 1823 1846 ‘prope

125 1863 244 1914 pedes
274 1861 412 1911 deae’;
444 1865 482 1903 et
512 1861 605 1904 ‘sub
636 1862 759 1913 o'rbe’,
790 1863 983 1916 ablativo7
1015 1863 1060 1903 id
1088 1866 1146 1903 est
1174 1863 1290 1914 infra
1316 1863 1464 1916 orbem,
1496 1867 1541 1904 ut
1570 1877 1708 1916 saepe
1738 1863 1822 1904 sub

130 1922 330 1974 inmotis
353 1933 682 1986 praesepibus.
798 1945 1045 1983 CLIPEIQVE
1080 1944 1163 1975 svss
1198 1945 1317 1974 ORBE
1351 1937 1398 1974 ut
1428 1934 1617 1975 maxima
1647 1949 1745 1988 pars
1778 1934 1823 1974 in

131 2003 291 2057 spiram
329 2003 510 2045 collecta.
548 2007 646 2045 ante
684 2004 814 2058 pedes
853 2004 920 2045 sit.
991 2004 1103 2045 colla
1142 2019 1240 2045 vero
1284 2019 1378 2045 cum
1417 2005 1629 2058 capitibus
1670 2005 1821 2046 erectis
1849 2014 1891 2043 ι’»

130 2076 230 2128 posi:
262 2074 463 2129 clipeum,
495 2075 537 2115 id
570 2077 635 2116 est
666 2075 778 2117 inter
811 2077 978 2116 scutum
1012 2077 1055 2116 ei:
1087 2075 1364 2117 simulacrum
1397 2075 1498 2117 deae
1531 2076 1744 2117 latebam:
1778 2080 1824 2117 ut

133 2147 198 2186 est
228 2145 272 2186 in
302 2146 464 2199 lzemplo
497 2146 616 2187 urbis
650 2146 822 2187 Romae.

227 2313 270 2343 23
298 2308 414 2354 Saepe
441 2309 525 2356 sub]
551 2321 675 2355 georg.
703 2309 754 2343 ΠΙ
779 2314 846 2344 416

231 2467 247 2496 1
274 2463 427 2506 sortasse
451 2462 632 2497 deluendo
664 2463 675 2506 ΙΙ
707 2467 726 2497 2
760 2463 878 2497 Varro
904 2490 910 2497 .
933 2491 940 2498 .
962 2491 970 2498 .
996 2462 1125 2507 pluuia
1150 2463 1312 2498 diluabur
1337 2464 1378 2497 in
1402 2474 1514 2507 mary.
1542 2465 1687 2508 exempl.
1714 2464 1823 2499 Basi-

137 2509 263 2544 leensis
287 2511 431 2554 scripsit
456 2509 594 2544 Daniel
623 2510 635 2554 ΙΙ
665 2510 727 2545 lib.
754 2510 872 2544 XXIX
899 2510 1036 2545 Daniel
1068 2511 1130 2545 lib.
1160 2514 1211 2545 19.
1245 2511 1440 2555 Scioppius
1470 2511 1532 2546 lib.
1560 2511 1698 2545 XXVII
1725 2512 1824 2546 Com-

132 2558 284 2591 melinus
323 2558 528 2592 Masvz‘eius
560 2557 801 2592 Burmannus
834 2559 941 2592 Lion.
1002 2558 1117 2592 Varro
1156 2557 1249 2592 libro
1287 2560 1418 2593 octauo
1457 2569 1578 2592 rerum
1615 2558 1822 2593 diuinarum

135 2604 360 2638 Macrobius.
404 2615 483 2639 eum
513 2608 610 2638 sexto
642 2609 762 2639 rerum
793 2606 1003 2640 divinarum
1035 2606 1126 2639 libro
1157 2606 1242 2639 llaec
1273 2606 1379 2639 verba
1412 2606 1604 2640 tribuenda
1637 2616 1706 2640 csse
1736 2610 1825 2640 reete

132 2652 300 2686 statuisse
334 2652 501 2686 videatur
533 2652 732 2686 Merkezius
763 2653 915 2697 (proleq.
947 2653 996 2687 ad
1030 2653 1092 2687 Ov.
1119 2653 1203 2695 fast.
1233 2664 1269 2696 p.
1300 2654 1396 2695 123),
1429 2654 1471 2687 in
1508 2664 1545 2687 eo
1583 2654 1692 2696 libro,
1725 2665 1822 2697 quem

133 2701 165 2732 et
191 2699 407 2733 Macrobius
437 2702 469 2733 et
499 2699 557 2733 hie
587 2700 791 2734 scholiastes
821 2700 1028 2744 exscripsit,
1058 2700 1171 2743 fuisse
1203 2700 1337 2734 conieci
1371 2700 1381 2715 ‘
1400 2700 1516 2735 Varro
1548 2701 1640 2734 libro
1674 2701 1826 2733 XXXI

134 2746 412 2790 antiquitatum,
442 2746 506 2790 qui
536 2749 586 2780 est
624 2746 684 2780 VI
712 2758 833 2781 rerum
863 2747 1109 2790 divinamm’,
1140 2747 1236 2782 unde
1269 2748 1483 2781 Illaerobius
1516 2748 1652 2782 dederit
1681 2747 1691 2762 ⁶
1709 2747 1826 2781 Varro

134 2793 225 2827 libro
244 2796 340 2827 seoeto
360 2804 479 2827 rerum
499 2793 737 2836 divinarum',
756 2794 973 2829 scholiastes
998 2794 1007 2810 ‘
1020 2794 1136 2828 Varro
1157 2805 1276 2828 rerum
1299 2795 1509 2828 clu-marum
1530 2795 1621 2828 libro
1645 2794 1794 2827 XXXI
1803 2795 1824 2827 ⁷.

134 2840 178 2882 cf.
205 2843 354 2884 quaesit.
380 2840 477 2874 Serv.
499 2851 537 2883 p.
567 2844 609 2874 25
645 2844 675 2874 et
704 2841 744 2875 O.
771 2841 962 2884 Gruppius
994 2842 1036 2875 de
1068 2841 1173 2876 Varr.
1202 2842 1371 2885 (nitiquit.
1406 2853 1473 2875 rer.
1500 2841 1593 2875 hum.
1621 2841 1681 2875 rel.
1702 2852 1741 2883 p.
1771 2846 1790 2874 6
1817 2864 1819 2868 -

136 2890 155 2920 5
181 2886 260 2921 Ioui
284 2887 399 2921 sutori
424 2886 561 2921 Daniel
590 2887 602 2930 ΙΙ
633 2887 728 2922 sicut
752 2888 890 2923 addidi.
930 2889 974 2931 cf.
1004 2889 1219 2923 Macrobius
1249 2890 1261 2932 ΙΙ
1293 2892 1312 2922 6
1339 2889 1480 2932 ponunb
1506 2887 1658 2921 Daniel:
1685 2889 1826 2931 ponant

137 2932 167 2967 G
199 2935 211 2978 ΙΙ
250 2939 290 2967 11
324 2933 504 2968 Masurius
540 2934 677 2968 Daniel
711 2933 911 2970 Massurius
950 2936 980 2970 O
1012 2937 1024 2979 ΙΙ
1059 2939 1099 2969 15
1134 2936 1286 2978 fortasse
1324 2935 1494 2968 deluatur
1524 2936 1536 2978 ΙΙ
1576 2939 1616 2968 19
1649 2946 1670 2968 a
1708 2934 1826 2969 cuntis

136 2979 221 3014 LH
235 2982 247 3025 ΙΙ
273 2981 371 3024 quod
396 2992 418 3015 a
443 2981 562 3015 cuntis
589 2981 723 3016 colitur
747 2981 781 3015 L
808 2982 820 3026 ΙΙ
851 2986 893 3016 22
919 2982 1082 3028 proprie]
1109 2993 1175 3026 pro
1203 2982 1408 3015 Illasrieius
1433 2992 1546 3024 prope
1572 2981 1824 3015 Burmannus.

132 3054 215 3094 post
239 3051 386 3095 proprie
412 3062 485 3086 non
510 3052 614 3085 nulla
640 3051 863 3085 intercidisse
888 3053 1066 3087 videntur.
1087 3054 1161 3096 1125
1188 3051 1287 3096 spira
1314 3052 1355 3084 J!
1376 3053 1387 3095 Η
1411 3052 1564 3094 sortasse
1595 3052 1680 3086 ante
1714 3052 1825 3096 pedes

137 3097 446 3179 {i'gssvmcio-lgliawvero
479 3125 486 3132 .
515 3126 521 3133 .
550 3126 556 3133 .
589 3099 730 3133 lateant·
759 3100 771 3142 ΙΙ
804 3103 847 3133 26
879 3100 921 3132 ut
952 3101 1009 3134 est
1039 3099 1075 3133 in
1108 3099 1247 3143 templo
1279 3098 1377 3133 urbis
1410 3099 1548 3133 Romae
1580 3100 1704 3134 dubito
1738 3111 1825 3134 num

209 3208 305 3234 Servii
325 3217 429 3235 comm.
449 3211 531 3236 Τοιη.
551 3211 575 3236 Ι,
595 3211 681 3237 Fasc.
702 3212 724 3238 I.
1503 3208 1542 3240 17

1849 1306 1890 1335 15

1849 1660 1892 1689 ‘20
