2204 3437
556 203 705 239 COMM.
732 205 783 238 IN
808 205 951 240 VERG.
979 205 1089 239 AEN.
1118 206 1143 240 Ι.
1173 210 1320 240 70—73.
1729 208 1783 248 41

88 310 239 351 harum
269 313 412 352 autem
439 312 780 365 quattuordecim
806 311 995 366 nomina,
1028 314 1075 352 ut
1102 312 1272 367 quidam
1300 314 1466 364 volunt,
1499 315 1542 355 in
1563 314 1785 369 Georgicis

89 381 339 422 invenimus.
403 382 670 435 ‘praestanti'
702 385 836 424 autem
869 382 1070 435 ‘corpore’
1102 397 1180 436 pro
1204 385 1457 435 praestantis
1489 386 1686 440 emporis,
1718 386 1784 426 ab-

92 451 262 492 {activum
286 466 364 504 pro
391 454 580 506 yenete'co.

207 522 272 563 72.
325 540 486 569 QVARVM
505 540 606 570 QVAE
624 540 750 564 rozeium
789 522 962 564 dicimus
993 526 1030 563 cz}
1057 537 1134 576 per
1165 537 1205 565 sc
1237 523 1435 576 ‘quentavic
1468 539 1570 578 quac
1598 525 1783 578 pulcher-

87 591 230 645 rima',
263 596 299 634 et
320 594 418 646 plus
450 594 611 635 ornarit
640 593 849 645 inferendo
882 592 1038 645 ‘forma
1061 595 1372 647 pulcherrima’.

207 664 274 704 73.
325 674 530 705 CONvssio
563 675 740 706 IVNGAM
773 664 877 705 deest
906 678 1017 714 cam;
1059 668 1095 705 εἰ
1126 666 1355 707 conubium
1395 669 1459 707 cst
1497 666 1561 707 ius
1601 667 1786 721 legitimi

88 734 365 776 matrimonii.
440 737 481 775 et
525 735 631 776 bene
678 734 881 775 ‘conubio
927 734 1126 789 iungam’
1172 736 1295 791 dixit,
1348 740 1393 778 ut
1437 737 1545 778 hanc
1590 738 1643 778 ab
1690 738 1785 778 aliis

87 808 354 859 segregaret,
397 820 503 859 quae
538 821 562 846 a
592 805 766 860 regibus
801 805 891 846 sine
925 805 1019 859 lege
1058 806 1282 848 habentur.
1346 808 1486 849 solent
1519 808 1630 848 enini
1663 822 1784 862 reges

86 875 196 916 inter
233 875 376 929 plures
416 876 487 916 uni
525 876 799 929 praecipuum
837 876 936 917 dare
975 891 1131 918 nomen
1170 878 1326 920 uxoris.
1389 880 1431 919 et
1464 877 1688 920 ‘conubio’
1729 894 1785 919 nu

87 946 259 987 brevem
290 947 452 1001 posuit,
486 961 581 987 cum
613 946 867 987 naturaliter
900 947 1032 1001 longa
1065 948 1133 989 sit.
1196 949 1310 990 nubo
1344 949 1474 1003 enim,
1513 949 1621 990 unde
1654 949 1785 990 habet

87 1016 315 1070 originem,
347 1017 478 1071 longa
504 1019 582 1058 est.
634 1017 707 1058 sed
735 1019 799 1058 est
830 1020 979 1071 tropus
1008 1019 1191 1073 systole,
1224 1020 1296 1074 qui
1329 1020 1377 1060 fit
1405 1020 1785 1074 quotienscumque

85 1087 213 1141 longa
246 1087 473 1141 corripitur
506 1087 676 1141 syllaba
707 1090 884 1142 propter
915 1089 1042 1130 metri
1073 1090 1388 1131 necessitatem.
1450 1090 1541 1144 ipse
1575 1090 1658 1131 alio
1693 1091 1785 1132 loco

86 1157 261 1211 longam
292 1158 454 1212 posuit,
487 1161 535 1199 ut
569 1160 634 1199 est
667 1158 909 1200 Hectoris
937 1158 1291 1202 Andromache
1318 1160 1536 1215 Pyrrhin
1569 1161 1786 1202 conubia

86 1228 293 1269 servas?
356 1229 460 1269 item
503 1229 684 1283 cuique
727 1229 827 1270 loci
872 1230 1014 1284 leges
1057 1231 1303 1281 dedimus,
1348 1231 1565 1272 conubia
1608 1234 1786 1272 nostra

84 1297 314 1352 reppulit
347 1300 388 1339 et
425 1313 512 1352 per
545 1299 764 1340 conubia
795 1302 974 1341 nostra
1007 1303 1049 1342 et
1081 1301 1460 1356 Nomadumque
1498 1304 1666 1356 petam
1706 1317 1786 1343 co-

84 1368 242 1410 nubia
281 1369 509 1423 supplex.
578 1370 794 1411 sciendum
832 1372 978 1412 tamen
1016 1373 1100 1426 est7
1140 1373 1239 1427 quia
1276 1373 1525 1427 plerumque
1559 1373 1603 1413 in
1635 1388 1786 1427 conpo-

87 1439 239 1481 sitione
281 1439 346 1480 vel
384 1440 647 1482 derivatione
694 1441 1027 1495 principalitatis
1072 1444 1227 1484 natura
1273 1444 1573 1497 corrumpitur.
1708 1455 1785 1485 CO—

84 1522 226 1552 Nvmo
254 1522 433 1552 IVNGAM
457 1523 640 1552 STABILI
661 1523 991 1562 PROPRIAMQVE
1013 1525 1183 1555 DICAsso
1212 1514 1347 1555 multa
1374 1515 1419 1555 in
1444 1530 1574 1555 unum
1603 1514 1786 1556 contulit

85 1596 255 1622 versum
287 1596 394 1635 quae
427 1581 532 1623 Iuno
570 1583 806 1636 promittit3
843 1582 1020 1624 dicendo
1055 1585 1168 1625 enim
1202 1584 1428 1626 ‘conubio’
1461 1585 1649 1627 ostendit
1682 1585 1785 1639 legi-

85 1652 253 1706 timam,
286 1652 463 1693 dicendo
497 1652 688 1694 ‘stabili’
722 1653 897 1707 longam
929 1654 1148 1707 promittit
1180 1656 1470 1710 concordiam,
1503 1657 1544 1696 id
1578 1659 1642 1697 est
1675 1671 1782 1710 quae
1809 1665 1826 1693 2

85 1722 268 1764 divortio
303 1725 464 1776 careat,
503 1723 679 1764 dicendo
720 1723 978 1778 ‘propriam’
1019 1725 1221 1767 adulterii
1258 1729 1449 1768 removet
1489 1727 1784 1781 suspitionem.

85 1793 196 1847 quod
229 1795 371 1834 autem
405 1793 560 1835 adiecit
592 1793 785 1836 ‘dicabo’
820 1796 1127 1850 obsequentem
1161 1811 1253 1837 eam
1285 1797 1376 1838 fore
1409 1797 1687 1839 demonstrat.
1740 1798 1784 1838 in

84 1878 163 1904 usu
196 1863 308 1904 enim
343 1865 407 1905 est
438 1866 486 1905 ut
518 1864 726 1919 dicamus,
765 1866 963 1908 sacerdos
1004 1866 1168 1908 dicatus
1210 1870 1273 1908 est
1304 1868 1489 1922 numini,
1520 1868 1602 1910 hoc
1635 1871 1699 1909 est
1731 1869 1784 1909 ad

85 1934 336 1988 obsequium
377 1934 501 1975 datus
545 1938 622 1976 est.
690 1936 767 1977 aleta·
805 1936 984 1991 ‘dicabo'
1023 1938 1124 1979 (labo
1161 1939 1376 1991 acciplunt.
1441 1940 1650 1981 Terentius
1691 1940 1784 1979 iam

83 2005 206 2046 hanc
236 2019 428 2058 operam
461 2006 550 2047 tibi
589 2008 710 2058 dico,
742 2009 789 2049 id
817 2013 874 2050 est
903 2010 970 2060 do,
1008 2010 1127 2051 secata·
1158 2010 1208 2051 ab
1240 2025 1281 2051 eo
1313 2011 1422 2063 quod
1451 2014 1508 2052 est
1539 2012 1624 2052 dico
1648 2011 1783 2063 parti-
1811 2021 1818 2031 ²

84 2076 236 2129 cipiunt
267 2090 293 2116 a
316 2078 483 2129 passivo
508 2078 638 2119 (lictus
666 2079 785 2133 facit,
815 2083 862 2120 ut
886 2084 942 2121 cst
966 2080 1152 2121 Imzom‘
1183 2081 1412 2132 'infernae
1442 2082 1601 2123 (lictus
1631 2096 1783 2132 sacer,

83 2147 269 2198 qzszamm’s
299 2147 400 2187 aliha·
432 2147 573 2188 lectum
603 2149 657 2189 sit
688 2150 881 2202 templis
917 2150 1013 2191 siba·
1047 2150 1179 2202 ferre
1210 2151 1401 2193 dicatis.
1465 2151 1695 2206 ‘propriam
1727 2154 1783 2194 da·-

85 2216 200 2258 cabo'
233 2220 367 2258 autem
399 2218 503 2259 deest
534 2218 627 2260 ‘tibi'
657 2219 778 2261 eam'.
830 2219 1085 2273 ‘propriam'
1117 2225 1251 2263 autem
1274 2236 1495 2276 possumus
1526 2224 1585 2265 vel
1616 2224 1783 2276 firmam

182 2337 223 2367 13
245 2333 430 2379 Hectoris]
459 2335 499 2369 A.
521 2336 570 2369 ΙΙΙ
591 2339 658 2369 319
679 2337 690 2379 Η
713 2340 754 2370 14
775 2336 923 2382 cuique]
949 2338 990 2372 A.
1013 2337 1064 2371 IV
1083 2341 1149 2371 213
1170 2339 1182 2382 Η
1204 2342 1244 2373 15
1265 2350 1331 2383 per
1351 2338 1522 2384 conubia]
1551 2339 1592 2374 A.
1616 2340 1665 2373 IV
1686 2343 1753 2373 316
1774 2339 1784 2368 ll

86 2381 384 2426 Nomadumque]
414 2382 453 2415 A.
474 2383 523 2415 IV
544 2386 610 2416 535
631 2384 642 2426 ΙΙ
663 2387 706 2416 24
728 2383 938 2429 Terentius]
966 2384 1112 2419 Phorm.
1140 2386 1150 2418 Ι
1173 2390 1204 2429 2,
1229 2390 1269 2419 12
1289 2388 1301 2430 Η
1321 2390 1364 2420 26
1385 2386 1530 2431 Iunoni]
1554 2387 1594 2420 A.
1616 2387 1664 2420 Vl
1688 2391 1752 2421 138
1782 2386 1783 2401 ³

87 2432 130 2461 27
156 2428 320 2472 templis]
347 2428 389 2462 A.
418 2429 449 2462 V
475 2433 518 2462 60

183 2537 198 2566 1
221 2534 262 2567 ut
281 2533 431 2577 quidam
452 2534 581 2569 volunt
600 2546 664 2569 om.
688 2537 727 2569 K
737 2538 754 2582 ]Ι
775 2541 793 2569 6
816 2538 863 2571 ad
882 2548 911 2571 v.
930 2542 971 2571 73
993 2537 1158 2572 Conubio
1178 2537 1345 2584 iungam]
1368 2539 1472 2573 deest
1492 2550 1583 2574 eam.
1616 2540 1653 2573 et
1672 2550 1781 2573 conu-

86 2579 187 2614 bium
213 2581 269 2614 est
292 2581 348 2614 ius
373 2581 532 2625 legitimi
557 2583 791 2617 matrimonii.
838 2585 875 2618 et
903 2584 1101 2619 ‘conubio'
1129 2597 1179 2618 nu
1206 2586 1356 2620 breuem
1382 2586 1506 2630 posuit
1526 2615 1531 2620 .
1555 2614 1562 2621 .
1585 2615 1591 2620 .
1613 2586 1782 2631 quotiens

85 2627 198 2671 longa
224 2628 421 2672 corripitur
445 2628 553 2662 metri
580 2640 699 2664 causa.
748 2630 825 2675 ipse
846 2631 919 2666 alio
945 2631 1027 2666 loco
1053 2632 1202 2676 longam
1229 2632 1354 2676 posuit
1377 2634 1419 2668 ut
1447 2633 1626 2668 ‘conubia
1656 2634 1783 2667 nostra

85 2674 275 2718 reppulit’.
314 2674 500 2709 sciendum
520 2676 647 2710 tamen
666 2677 753 2720 quia
776 2705 783 2714 .
807 2706 814 2713 .
836 2705 842 2712 .
868 2679 1012 2713 natura.
1052 2678 1200 2724 Stabili]
1227 2679 1377 2724 longam
1407 2708 1414 2715 .
1436 2707 1443 2714 .
1465 2708 1472 2715 .
1500 2681 1547 2715 ad
1567 2679 1783 2724 obsequium

85 2720 184 2756 latus
210 2723 274 2756 est.
327 2721 393 2756 alii
420 2722 583 2758 ‘dicabo’
607 2751 613 2758 .
638 2752 644 2758 .
667 2752 673 2758 .
698 2724 901 2769 ‘propriam
923 2725 1069 2760 dicabo’
1098 2727 1223 2760 autem
1249 2726 1354 2761 deest
1382 2727 1518 2762 ‘eam'.
1543 2728 1578 2761 1>
1594 2728 1606 2771 ΙΙ
1627 2731 1668 2761 10
1695 2727 1780 2760 inde

86 2768 128 2801 K
162 2769 202 2802 ut
230 2768 265 2801 P
287 2770 298 2812 ΙΙ
326 2772 366 2802 11
394 2768 474 2814 qui]
501 2781 570 2813 que
596 2771 639 2804 Κ
659 2772 671 2815 ΙΙ
702 2775 741 2805 12
770 2772 879 2806 metri
905 2784 1016 2807 causa
1043 2773 1087 2808 C*
1112 2774 1124 2818 ΙΙ
1148 2773 1418 2809 necessitatem.
1471 2775 1610 2809 Statius
1637 2785 1780 2817 quoquc

87 2814 263 2859 corripuit
290 2816 546 2850 ‘connubialia
571 2818 738 2861 pandunt
762 2820 868 2853 antra
894 2819 1014 2854 sinus'
1045 2821 1081 2853 D
1100 2822 1112 2864 i]
1134 2824 1174 2854 13
1202 2821 1243 2854 ut
1268 2821 1338 2866 est]
1367 2823 1407 2855 ut
1433 2822 1523 2856 haec
1556 2822 1583 2854 L
1601 2822 1613 2864 ΙΙ
1632 2822 1688 2855 est
1715 2848 1720 2854 .
1744 2848 1749 2853 .
1774 2848 1779 2854 .

83 2861 253 2904 ‚dedimus
279 2873 343 2896 om.
372 2864 413 2896 K
428 2864 439 2907 Η
467 2867 508 2897 15
536 2865 574 2898 et
601 2893 606 2898 .
635 2893 642 2900 .
672 2892 677 2897 .
705 2866 859 2910 supplex
886 2878 950 2901 om.
978 2868 1019 2900 K
1041 2869 1052 2912 l]
1083 2872 1123 2901 17
1151 2867 1210 2901 vel
1236 2867 1464 2902 derivatione
1491 2880 1554 2902 om.
1585 2869 1624 2901 Κ
1640 2869 1651 2911 Η
1671 2866 1780 2900 corri-

86 2909 187 2952 pitur
211 2909 246 2942 B
285 2910 490 2954 corrupitur
516 2911 557 2944 K
572 2913 583 2955 ΙΙ
606 2916 646 2945 19
674 2911 828 2947 dicendo
857 2941 862 2946 .
892 2942 898 2948 .
927 2940 933 2947 .
960 2914 1167 2958 legitimam
1194 2925 1258 2948 om.
1286 2916 1327 2948 K
1349 2916 1360 2959 ΙΙ
1386 2915 1559 2959 legimam
1586 2915 1617 2947 L
1657 2912 1779 2957 legitr

86 2967 187 2989 mum
213 2956 252 2989 Ε
274 2956 425 2999 fortasse
450 2957 659 3001 legitimum
685 2959 970 2995 matrimonium.
992 2962 1003 3005 Η
1023 2966 1061 2995 21
1088 2960 1333 3005 suspicionem
1352 2962 1436 2994 BE
1452 2963 1464 3005 Η
1485 2966 1526 2995 22
1553 2961 1781 2995 monstrabat

89 3002 125 3035 P
141 3004 153 3045 Η
173 3006 215 3036 23
237 3005 294 3037 est
312 3005 354 3037 ut
378 3015 443 3038 om.
467 3004 595 3048 P1124
621 3005 728 3040 clatus
755 3006 826 3051 est]
854 3007 959 3042 datos
980 3009 1022 3041 K
1055 3009 1162 3042 datus
1189 3009 1246 3051 est
1265 3009 1298 3041 L
1336 3008 1443 3042 datus
1469 3010 1535 3044 est.
1585 3009 1627 3042 ut
1652 3007 1712 3052 ipe
1737 3007 1781 3053 {ff

86 3048 248 3083 familias
273 3061 407 3085 voveo:
432 3051 558 3094 itaque
587 3053 686 3086 totus
713 3064 796 3086 cum
823 3053 984 3089 dictione
1010 3055 1303 3099 pronuntiandus
1330 3056 1386 3088 est
1404 3055 1442 3088 D
1467 3056 1479 3099 ΙΙ
1503 3054 1577 3088 iam
1603 3066 1667 3089 om.
1696 3056 1782 3090 libra*

92 3095 302 3130 Terentiam
320 3098 332 3141 ΙΙ
352 3101 394 3131 25
417 3097 525 3132 sicuti
546 3127 551 3133 .
576 3125 582 3132 .
605 3127 611 3133 .
633 3098 739 3143 facit]
766 3100 918 3142 fortasse
944 3101 1051 3136 sicuti
1078 3102 1124 3135 do
1145 3103 1181 3135 ct
1204 3103 1259 3135 est
1279 3101 1360 3135 dico
1383 3102 1482 3144 quod
1502 3101 1739 3146 participium
1760 3116 1781 3136 a

89 3142 236 3185 passivo
263 3143 382 3178 dictus
409 3144 499 3179 facit
527 3146 547 3179 ι’.
575 3158 600 3179 c.
627 3147 736 3181 ‚sicuti
761 3150 791 3181 et
817 3148 932 3182 dicere
957 3149 1138 3183 interdum
1163 3149 1254 3183 idam
1279 3148 1461 3192 εἰψιῑῖῘὶσαΐ,
1487 3149 1580 3193 quod
1606 3150 1702 3183 ‹lm-c.

1814 958 1855 987 10

1815 1310 1855 1339 15
