2132 3354
814 103 1098 139 PRAEFATIO.
1719 99 1804 132 XIII

110 217 319 260 scholium
361 215 567 270 plenioris
613 212 908 255 commentarii
954 210 1118 252 auctori
1158 211 1331 263 praesto
1375 206 1513 263 fuitst)
1577 207 1648 261 qui
1690 207 1801 261 quod

109 288 305 343 supplere
344 286 570 328 constituit
610 299 717 339 quae
756 299 780 325 a
821 281 967 323 Servio
1008 280 1168 322 omissa
1206 294 1296 320 esse
1336 278 1526 332 videbat⁷
1572 292 1661 318 reni
1702 277 1807 318 satis

110 358 363 412 impeditam
396 356 600 410 suscepit,
631 357 679 396 ut
710 354 836 395 facile
869 353 907 394 ei
939 351 1226 393 condonemus
1260 352 1303 390 et
1336 363 1433 390 nam
1466 348 1807 389 coniunctionem
1852 382 1856 386 r

113 430 204 470 sine
236 429 404 469 ratione
436 427 623 482 positam
656 428 698 466 et
729 425 805 466 illa
836 438 943 478 quae
976 424 1074 464 sunt
1105 422 1168 462 hic
1199 422 1323 462 etiam
1342 419 1516 460 Athenis
1547 419 1624 460 coli
1648 418 1808 465 (licitur,

113 514 190 554 pro
224 499 377 554 quibus
410 498 496 539 tale
529 497 630 552 quid
662 496 800 537 dicere
833 494 980 535 debuit
1013 493 1144 534 1(10111
1178 491 1359 532 Α11101115
1393 490 1476 532 0011
1509 488 1689 530 dicitur?
1737 488 1807 529 sed

113 570 416 634 vituperandus
452 570 516 609 est
549 566 855 623 grammaticus
888 565 961 605 ille
995 563 1107 618 quod
1137 562 1247 604 311115
1275 561 1523 615 interpretis
1552 559 1808 601 sententiam

112 641 185 695 qui
225 641 275 681 de
307 639 482 681 Nemesi
514 638 756 692 Vergilium
796 636 878 678 1100
916 636 1009 676 1000
1043 634 1252 688 cogitasse
1286 632 1411 686 dixit,
1450 634 1539 672 tam
1573 631 1716 684 inepte
1749 629 1809 669 in-

114 711 265 765 501·,1111
315 713 362 751 111
412 710 752 763 discerperentur
802 721 909 762 quae
954 705 1058 747 olim
1103 704 1250 745 eodem
1296 666 1460 743 scholio
1503 700 1809 755 comprehensi

113 784 273 824 essent:
320 796 401 836 qua
446 779 718 834 inprudentia
763 781 805 819 et
838 776 1098 819 Turonensis
1142 775 1358 828 interpres
1400 773 1567 814 videtur
1609 772 1809 824 deceptus

113 868 205 894 esse
251 855 293 893 et
334 865 413 905 ego
459 851 659 904 deceptus
705 864 819 903 511111,
866 863 958 889 011111
997 845 1253 901 praesertim
1287 844 1519 885 Nemeseos
1558 842 1812 897 religionem

113 924 249 965 multo
282 922 489 964 maiorem
521 921 652 962 fuisse
685 922 853 961 constet
886 917 998 972 apud
1025 916 1313 958 Athenienses
1347 929 1475 969 quam
1497 913 1738 966 Anterotis,
1771 914 1813 951 et

113 995 235 1036 etiam
282 993 389 1034 illud
441 992 493 1033 ad
537 991 711 1032 Athenis
753 990 947 1031 videatur
993 987 1261 1029 referendum
1307 1000 1417 1039 esse,
1467 988 1514 1027 ut
1558 984 1812 1026 scholiastes

113 1064 438 1106 Atheniensium
478 1063 732 1116 religionem
765 1076 859 1102 cum
893 1060 1033 1101 aliena
1065 1072 1335 1113 comparasse
1368 1057 1550 1097 dicatur:
1582 1053 1813 1095 Nemeseos

115 1138 259 1177 autem
281 1135 444 1176 Romae
471 1134 515 1175 in
540 1133 633 1187 ipso
654 1132 870 1186 Capitolio
899 1131 1174 1172 simulacrum
1205 1129 1338 1169 fuisse
1360 1126 1526 1168 Plinius
1559 1126 1683 1166 docet
1714 1125 1814 1165 hist.

114 1209 202 1248 nat.
234 1206 296 1247 XI
327 1208 352 1258 ξ
373 1205 455 1247 251
491 1207 534 1245 et
566 1202 756 1244 XXVIII
783 1205 808 1254 ξ
836 1203 902 1243 22.
954 1216 1004 1242 ex
1035 1201 1103 1241 his
1138 1214 1244 1254 quae
1278 1198 1366 1239 dixi
1397 1197 1506 1238 nihil
1538 1199 1816 1250 transponen-

118 1278 217 1319 dum
255 1277 388 1318 fuisse
429 1277 609 1330 apparet
644 1274 730 1315 nisi
766 1274 873 1315 haec
910 1286 994 1314 non
1030 1272 1137 1313 nulla·
1169 1271 1364 1312 Nemesin
1400 1269 1629 1322 Seynifeca‘ri
1651 1270 1815 1320 putans.

235 1348 303 1389 Ab
342 1347 410 1388 his
449 1346 690 1401 pleniorum
728 1345 938 1386 librorum
978 1342 1269 1384 additionibus
1304 1356 1353 1382 ea
1386 1355 1515 1394 supra
1547 1339 1634 1380 dixi
1667 1338 1817 1379 discer-

117 1420 255 1461 nenda
294 1434 386 1460 esse
425 1432 533 1472 quae
571 1416 761 1476 vulgatis
796 1415 971 1457 scholiis
1006 1414 1151 1455 addita
1182 1413 1251 1454 vel
1282 1411 1434 1453 leviter
1467 1410 1629 1452 adnexa
1662 1401 1816 1450 essent.

120 1489 231 1545 quod
270 1488 663 1530 additamentorum
703 1501 836 1542 genus
874 1486 1012 1526 multo
1050 1484 1318 1538 frequentius
1359 1497 1451 1524 esse
1491 1496 1576 1522 11011
1609 1482 1674 1521 051
1707 1478 1817 1534 quod

119 1561 342 1610 miremur,
386 1574 486 1600 nam
529 1557 699 1599 facilius
742 1572 791 1599 ea
824 1557 977 1611 quibus
1016 1554 1187 1596 brevior
1224 1553 1554 1595 commentarius
1592 1551 1818 1592 videbatur

121 1631 269 1686 augeri
295 1645 419 1685 posse
446 1629 544 1670 huic
572 1628 849 1682 addebantur,
876 1641 1003 1681 quam
1029 1625 1342 1667 inserebantur.
1388 1626 1487 1665 sunt
1514 1624 1656 1664 autem
1682 1634 1818 1661 novae

121 1701 500 1756 interpretationes
541 1700 729 1755 vulgatis
764 1701 838 1740 aut
870 1697 1126 1752 copulativis
1160 1697 1227 1737 vel
1259 1695 1529 1737 disiunctivis
1564 1692 1821 1735 coniunctio-

125 1772 251 1814 nibus
284 1770 356 1825 (ct,
387 1771 528 1824 etiam,
559 1773 716 1825 autem,
746 1784 860 1824 sane,
898 1770 981 1820 sed,
1013 1783 1086 1821 (ιη,
1120 1771 1270 1817 tamen,
1302 1767 1503 1820 queem-vis,
1534 1766 1610 1815 vel,
1642 1767 1731 1817 ant,
1762 1763 1822 1804 vel

123 1845 242 1896 certe,
279 1845 354 1882 (1(ιὺ
389 1840 509 1894 certe)
548 1841 752 1895 adnexae,
792 1843 866 1881 aut
904 1841 965 1881 ita
1004 1841 1052 1880 ut
1082 1839 1325 1891 quibusdam
1356 1838 1422 1879 vel
1455 1838 1553 1887 aliis
1583 1835 1651 1877 vel
1683 1835 1825 1877 multis,

123 1913 189 1954 vel
220 1926 302 1953 non
333 1912 461 1953 malleis
492 1911 793 1953 tribuerentur.
847 1910 1042 1964 exempla
1074 1924 1170 1950 cum
1205 1909 1379 1963 quaevis
1412 1908 1500 1950 fere
1528 1907 1655 1948 huius
1684 1920 1822 1947 exem-

123 1984 255 2038 plaris
301 1982 463 2036 pagina
501 1982 606 2024 satis
646 1982 782 2024 multa.
820 1981 1021 2022 exhibeat
1059 1979 1246 2034 proferre
1286 1994 1372 2020 non
1411 1993 1517 2032 opus
1557 1980 1633 2019 est.
1694 1976 1821 2017 huius

125 2053 241 2096 modi
274 2056 416 2094 autem
450 2052 738 2094 additionibus
765 2052 975 2092 Aemilius
1004 2050 1190 2091 Thomas
1218 2048 1274 2104 (p.
1295 2047 1473 2104 49sqq.)
1509 2050 1705 2089 effectum
1734 2061 1823 2087 esse

127 2125 255 2178 dixit,
286 2127 334 2165 ut
367 2124 552 2178 amplior
584 2122 916 2165 commentarius
944 2136 1090 2162 eorum
1118 2120 1271 2161 similis
1298 2121 1438 2174 fieret,
1471 2119 1544 2174 qui
1572 2115 1822 2160 ‘variorum'

126 2195 272 2237 vocari
298 2195 499 2236 solerent:
533 2194 723 2235 diversas
751 2194 863 2236 enim
891 2192 1082 2234 eiusdem
1106 2191 1190 2232 loci
1216 2191 1593 2245 interpretationes
1621 2189 1820 2230 collectas

128 2281 265 2320 neque
317 2265 547 2320 quidquam
598 2264 743 2306 iudicii
793 2265 844 2305 de
890 2278 1034 2305 earum
1081 2262 1168 2303 sive
1214 2261 1479 2315 praestantia
1523 2261 1611 2301 sive
1651 2259 1818 2300 vilitate

128 2337 433 2390 interpositum
466 2350 568 2377 esse.
619 2336 746 2390 longe
778 2335 908 2376 aliam
941 2348 1032 2375 esse
1065 2332 1232 2387 vulgati
1265 2331 1562 2374 commentarii
1595 2330 1821 2371 rationem:

130 2421 255 2462 quem
287 2406 359 2461 qui
393 2406 614 2460 scripserit
639 2406 772 2448 videri
799 2406 923 2447 illum
949 2405 1119 2459 quidem
1147 2403 1415 2458 superiorum
1441 2401 1825 2457 grammaticorum

131 2477 447 2519 commentariis
481 2492 604 2518 usum
637 2492 746 2531 0550,
789 2477 862 2518 5οἀ
894 2477 956 2517 113
987 2477 1035 2516 111
1066 2489 1214 2516 eorum
1247 2474 1482 2515 sententias
1516 2477 1590 2514 aut
1621 2472 1826 2526 probaret

132 2551 175 2589 et
202 2563 299 2590 51135
325 2548 487 2589 faceret
513 2551 586 2589 aut
613 2550 761 2602 aperte
788 2551 1010 2602 tamquam
1035 2546 1169 2587 falsas
1195 2546 1391 2586 reiceret:
1424 2544 1571 2598 paucis
1599 2542 1825 2584 admodum

130 2619 234 2660 locis
267 2633 363 2660 011111
395 2618 615 2660 dubitasse
648 2634 669 2660 e
701 2619 895 2674 pluribus
929 2633 1034 2672 quas
1061 2618 1440 2659 commemorasset
1465 2612 1827 2668 interpretationi-

231 2779 264 2821 1)
290 2777 360 2811 hoc
387 2788 430 2811 ex
456 2777 522 2811 illa
547 2787 692 2821 quoque
717 2786 756 2809 re
784 2772 1016 2820 cognoscitur
1042 2773 1140 2818 quod
1166 2784 1232 2818 pro
1259 2772 1316 2806 his
1338 2784 1432 2816 quae
1459 2772 1544 2806 sunt
1561 2781 1684 2805 sensus
1711 2773 1827 2804 autem

134 2830 191 2864 hic
223 2833 274 2864 est
298 2833 363 2863 aut
384 2825 583 2874 Ἀντέρωτα
609 2830 753 2863 invocat
777 2828 815 2862 in
840 2826 1064 2862 Floriacensi
1096 2827 1224 2861 extant
1257 2825 1428 2859 nonnulli
1455 2821 1652 2867 Ἀντέρωτα
1685 2823 1829 2856 'invocat

135 2894 165 2917 c.
194 2894 226 2925 q.
255 2895 279 2918 s.
325 2882 498 2917 videntur
530 2881 628 2916 enim
659 2881 697 2915 in
722 2879 951 2925 plenioribus
976 2879 1080 2914 libris
1102 2878 1218 2914 Servii
1244 2878 1425 2922 quaedam
1447 2876 1588 2911 scholia
1617 2875 1740 2909 ‘aliis'
1770 2876 1828 2909 vel

138 2935 233 2970 ‘non
257 2934 388 2969 nullis’
417 2936 476 2970 vel
505 2934 767 2978 ‘quibusdam'
801 2932 944 2968 tributa
976 2943 1051 2967 esse
1078 2931 1175 2975 quod
1208 2931 1239 2964 is
1274 2929 1338 2973 qui
1372 2928 1609 2963 Danielinum
1645 2938 1829 2962 commen-

137 2988 271 3022 tarium
304 2988 513 3033 composuit
551 2987 678 3022 eadem
714 2986 812 3031 apud
847 2986 940 3021 alios
974 2986 1193 3031 interpretes
1225 2983 1432 3018 invenerat:
1474 2982 1517 3016 dc
1558 2993 1630 3026 qua
1664 2993 1699 3015 re
1734 2980 1829 3015 infra

138 3041 289 3077 dicetur.
