2204 3437
531 201 678 236 COMM.
705 201 758 235 IN
783 198 924 234 VERG.
951 199 1062 234 AEN.
1089 199 1114 233 Ι.
1143 201 1339 232 evo—273.
1701 195 1781 235 101

206 312 301 352 273.
352 322 503 352 GENTE
538 320 619 351 svss
651 318 899 350 HECTOREA
930 305 974 346 id
1008 307 1073 345 est
1105 304 1301 345 Troiana.
1364 304 1436 344 sed
1468 303 1616 344 debuit
1647 302 1783 343 dicere

89 381 298 424 ‘Aeneia'.
360 380 544 422 diximus
578 378 773 432 superius
804 375 980 417 nomina
1012 377 1164 427 poetas
1198 389 1247 415 ex
1279 374 1419 415 vicino
1453 387 1672 427 usurpare.
1719 374 1787 414 sed

87 454 255 506 quidam
285 451 594 505 reprehendzmt,
625 449 732 502 quod
763 443 1001 487 ‘Hectorea’
1035 448 1072 485 et
1099 458 1182 486 non
1216 443 1422 485 ‘Aeneias
1459 457 1546 484 mos
1577 446 1633 484 est
1659 444 1787 494 poetis

87 525 256 565 nomina
286 537 333 564 ex
363 522 509 563 vicinis
539 531 755 572 ‘usecipctre7
793 517 891 569 quia
928 515 1164 557 eonizmetus
1197 528 1339 568 yenere
1369 514 1539 555 Hectori
1570 513 1786 563 Ascanius,

86 598 133 636 ut
161 597 218 635 est
247 596 289 634 et
317 595 464 645 parter
493 591 702 641 Aeneas,
740 590 783 628 et
819 585 1092 627 avunculus
1128 586 1312 625 excedat
1341 585 1533 626 Hector.
1594 584 1671 624 alic·
1703 587 1785 623 tra-
1812 592 1831 622 5

86 666 202 714 demt,
238 677 328 705 cum
358 663 546 704 Hectoris
580 659 792 713 preyenies
829 656 946 697 omna
976 656 1022 696 m
1052 655 1182 696 Italia
1218 656 1362 710 sverin
1402 657 1487 697 ‘ideo
1521 654 1613 696 “sub
1645 655 1788 695 Hecto-

88 734 179 775 rea'
205 734 403 786 positum,
434 736 481 773 ut
509 731 757 784 s‘e'ynifiearet
785 728 857 769 sub
886 727 1004 778 ferti,
1040 729 1088 766 ut
1122 726 1168 766 in
1204 726 1344 778 quinto
1382 726 1614 767 Hectorei
1653 725 1787 767 socii.

86 806 156 847 sed
185 818 233 846 ex
269 804 365 845 aliis
404 803 520 844 rebus
556 802 643 842 alia
679 801 751 842 dat
786 799 974 851 nomina,
1012 800 1058 837 ut
1085 797 1180 849 pios
1218 798 1433 838 Aeneadas
1471 797 1707 849 appellavit,
1744 799 1789 837 ut

87 876 248 917 timidos
279 874 486 927 Pleryyas,
523 876 570 914 ut
604 871 753 913 nobiles
783 869 1074 922 Darc‘lczm'das,
1112 870 1159 908 ut
1190 868 1376 919 perimes
1407 867 1786 908 Laomedontiadas.

86 949 256 987 eetermn
286 945 356 986 ‘ube‘
385 958 522 986 veram
553 943 749 996 ori-imizam
774 940 979 994 significat
1009 939 1178 980 domus
1197 938 1441 979 Assaraci
1465 938 1603 989 ponit,
1635 951 1682 977 eze
1712 951 1788 989 quo
1818 944 1858 973 10

87 1016 237 1070 Capys,
286 1029 335 1057 ex
382 1014 494 1067 Capy
536 1013 751 1062 Anchises,
802 1025 849 1052 ex
892 1009 1069 1051 Anchise
1112 1008 1283 1050 Aeoszeas.
1413 1019 1571 1049 1)οΝΕο
1616 1019 1788 1048 REGINA

89 1097 323 1130 SACERDOS
356 1084 538 1125 historia
569 1084 650 1124 1100
681 1082 824 1123 habet.
874 1079 1073 1121 Amulius
1107 1083 1149 1119 et
1179 1078 1384 1120 Numitor
1415 1078 1571 1120 fratres
1604 1077 1789 1119 fuerunt.

87 1158 284 1200 Amulius
316 1156 496 1197 fratrem
530 1153 709 1207 imperio
741 1151 908 1205 pepulit
940 1152 983 1191 et
1014 1149 1152 1190 filium
1185 1149 1275 1190 eius
1303 1149 1491 1203 necavit,
1523 1149 1656 1206 filiam
1689 1163 1788 1190 vero

88 1229 216 1270 Iliam
248 1227 407 1268 Vestae
439 1224 705 1267 sacerdotem
737 1221 857 1276 fecit,
889 1222 937 1263 ut
970 1235 1089 1274 spem
1131 1220 1293 1261 subolis
1334 1220 1538 1273 auferret,
1572 1235 1596 1260 a
1629 1235 1712 1273 qua
1745 1235 1789 1260 se

84 1299 226 1354 puniri
265 1311 392 1352 posse
431 1296 701 1350 cognoverat.
770 1294 880 1335 hauc
921 1295 968 1334 ut
1009 1291 1136 1332 multi
1178 1290 1322 1332 dicunt
1360 1290 1476 1332 Mars
1522 1291 1786 1344 compressit,
1816 1296 1857 1326 15

85 1370 195 1413 unde
226 1368 318 1410 nati
356 1371 456 1409 suut
488 1367 647 1409 Remus
689 1368 731 1406 et
761 1364 942 1418 Romus,
983 1377 1089 1417 quos
1129 1376 1224 1403 cum
1263 1364 1401 1403 matre
1434 1361 1632 1402 Amulius
1671 1376 1789 1414 prae-

87 1439 256 1495 cipitari
287 1438 414 1480 iussit
444 1438 490 1478 in
523 1437 726 1479 Tiberim.
787 1438 879 1498 tum
912 1437 960 1476 ut
993 1433 1165 1488 quidam
1199 1433 1345 1474 dicunt
1376 1431 1502 1473 Iliam
1537 1432 1619 1472 sibi
1652 1431 1791 1473 Anien

85 1513 188 1553 fecit
220 1524 411 1562 uxorem,
450 1510 497 1550 ut
536 1508 610 1549 alii
648 1508 761 1549 inter
800 1521 906 1561 quos
939 1505 1167 1558 Horatius,
1199 1504 1386 1545 Tiberis:
1425 1503 1536 1544 unde
1576 1503 1637 1543 ait
1674 1516 1791 1543 uxo-

92 1583 197 1624 rius
244 1579 418 1622 amnis.
479 1579 600 1633 pueri
645 1592 744 1620 vero
791 1576 975 1630 expositi
1021 1575 1074 1616 ad
1117 1574 1303 1615 vicinam
1348 1574 1487 1628 ripam
1533 1576 1642 1614 sunt.
1710 1573 1788 1613 hos

92 1654 275 1696 Faustus
324 1651 515 1704 repperit
568 1652 734 1704 pastor,
789 1647 927 1689 cuius'
955 1661 1061 1687 uxor
1109 1648 1202 1686 erat
1248 1659 1382 1699 nuper
1427 1643 1630 1684 meretrix
1679 1643 1792 1684 Acca
1818 1649 1862 1679 ‘20

185 1796 204 1827 5
232 1793 270 1826 et
294 1790 415 1836 pater]
444 1790 486 1824 A.
513 1789 564 1823 HI
590 1793 657 1823 343
689 1789 701 1832 ΙΙ
734 1791 753 1822 7
780 1787 818 1821 in
843 1786 987 1830 quinto]
1019 1789 1083 1819 190
1104 1786 1115 1829 ΙΙ
1136 1789 1178 1819 10
1205 1784 1352 1829 domus]
1380 1785 1420 1818 A.
1450 1784 1464 1817 I
1491 1784 1589 1828 28411
1612 1787 1651 1817 12
1680 1782 1791 1816 Amu-

85 1840 161 1875 lius
186 1850 216 1874 e.
238 1851 271 1883 q.
293 1838 337 1883 s.]
365 1847 478 1872 exscr.
506 1837 689 1882 mythogr.
718 1835 733 1867 Ι
758 1838 803 1869 30
834 1835 846 1879 ΙΙ
880 1836 920 1867 18
948 1832 1140 1877 Horatius]
1170 1842 1279 1866 carm.
1306 1832 1321 1864 1
1348 1836 1380 1875 2,
1409 1835 1451 1865 19

187 1973 203 2003 1
233 1968 296 2002 sed
322 1966 450 2002 debuit
475 1964 631 2000 dicere.
654 1992 660 1999 .
684 1993 690 1998 .
718 1975 762 1999 ex
792 1963 913 1998 vicino
940 1972 1118 2005 usurpare
1153 1972 1218 1995 om.
1248 1960 1276 1994 (J
1304 1961 1315 2003 ss
1348 1964 1366 1994 2
1401 1970 1443 1993 ex
1474 1958 1588 1993 uicini
1620 1969 1693 1993 non
1719 1970 1792 1992 sui·-

92 2028 181 2062 pare
208 2016 250 2050 K
272 2025 294 2048 a
318 2014 441 2049 uicino
468 2023 644 2057 usurpare
673 2012 721 2046 M
751 2012 762 2056 ΙΙ
796 2015 815 2046 8
843 2010 907 2045 sed
933 2021 976 2044 ex
1002 2008 1086 2043 aliis
1118 2008 1226 2043 rebus
1261 2007 1336 2042 alia
1361 2007 1427 2041 dat
1457 2006 1609 2040 nomina
1642 2007 1684 2039 ut
1714 2005 1794 2049 pios

92 2063 285 2099 Aeneadas
311 2059 517 2106 appellavit
542 2060 691 2104 scripsi:
718 2059 781 2093 sed
808 2059 845 2092 et
871 2056 954 2091 aliis
980 2056 1087 2090 rebus
1115 2055 1189 2089 alia
1215 2055 1306 2089 dant
1324 2053 1475 2088 nomina
1494 2054 1534 2087 ut
1553 2053 1634 2097 pios
1654 2052 1793 2086 Aenea-

91 2112 156 2146 das
183 2108 365 2154 appellari
393 2108 422 2142 G
445 2108 489 2150 cf.
518 2107 615 2141 Seri).
643 2108 691 2141 ad
716 2108 806 2140 Aen.
834 2105 850 2137 1
877 2104 976 2147 46811
1006 2107 1045 2137 11
1075 2104 1122 2137 acl
1147 2114 1178 2136 v.
1207 2106 1273 2136 273
1301 2101 1426 2136 Donec
1450 2100 1581 2145 regina
1606 2099 1792 2143 sacerdos}

88 2157 244 2193 historia
269 2157 340 2191 hoc
365 2155 490 2190 habet.
540 2154 710 2188 Amulius
737 2154 774 2188 et
798 2151 972 2186 Numitor
1004 2150 1136 2184 fratres
1165 2149 1328 2193 fuerunt,
1360 2147 1429 2182 filii
1454 2147 1591 2182 Procae
1618 2147 1794 2191 (prochae

87 2206 147 2249 P).
197 2203 365 2238 Amulius
391 2203 515 2236 autem
540 2201 693 2236 fratrem
718 2199 863 2245 pepulit
898 2209 1012 2243 regno
1039 2198 1077 2231 et
1101 2196 1219 2231 filium
1247 2196 1322 2230 eius
1349 2195 1498 2230 necauit
1524 2193 1709 2238 (regnauit
1735 2193 1794 2235 P),

88 2252 202 2286 filiam
229 2261 374 2295 quoque
408 2249 485 2284 eius
511 2249 618 2283 Iliam
644 2248 780 2282 Vestae
812 2245 1041 2281 sacerdotem
1071 2244 1178 2286 fecit,
1213 2245 1254 2278 ut
1285 2254 1388 2287 spem
1421 2242 1557 2276 sobolis
1586 2241 1719 2283 (soboli
1744 2240 1792 2283 P)

91 2299 268 2342 auferret,
295 2309 316 2332 a
342 2308 415 2340 qua
440 2307 478 2331 se
503 2295 626 2341 puniri
653 2294 797 2340 (punire
818 2294 866 2336 P)
893 2303 1000 2337 posse
1022 2291 1259 2336 cognouerat.
1298 2291 1391 2324 haec
1412 2301 1495 2323 cum
1513 2289 1660 2333 peteret
1680 2298 1793 2331 aquas

89 2346 137 2380 ad
163 2355 270 2380 sacra
295 2343 487 2388 repentino
514 2354 667 2378 occursu
693 2342 772 2386 lupi
798 2341 949 2375 turbata
974 2338 1110 2382 refugit
1134 2337 1172 2372 in
1199 2337 1431 2382 speluncam,
1465 2336 1503 2369 in
1530 2346 1602 2379 qua
1628 2346 1649 2368 a
1674 2334 1793 2368 Marte

91 2402 300 2437 compressa
327 2392 398 2434 est,
431 2390 528 2425 unde
559 2390 637 2424 nati
669 2391 753 2423 sunt
778 2389 914 2422 Remus
946 2387 984 2420 et
1015 2385 1205 2420 Romulus.
1257 2385 1320 2418 sed
1347 2383 1514 2417 Amulius
1547 2381 1721 2425 (Aruilius
1750 2381 1792 2423 G)

89 2440 240 2482 timens,
266 2449 311 2473 ne
338 2439 436 2480 (fort.
462 2448 508 2472 ne
535 2438 631 2480 cum)
658 2436 701 2470 de
730 2435 843 2479 stirpe
869 2433 995 2468 fratris
1020 2431 1227 2466 Numitoris
1253 2431 1395 2474 aliquid
1415 2431 1647 2474 procreatum
1669 2428 1793 2462 adole—

91 2487 203 2522 uisset
228 2485 467 2529 (aboleuisset
492 2484 540 2528 P)
567 2495 677 2518 auum
703 2483 860 2518 forsitan
885 2479 1108 2523 uindicaret,
1135 2490 1268 2524 pueros
1296 2490 1378 2512 cum
1405 2478 1524 2511 matre
1555 2474 1794 2520 praecipitari

92 2534 202 2568 iussit
225 2533 264 2567 in
291 2532 465 2567 Tiberim.
504 2532 598 2565 hanc
624 2533 666 2565 ut
691 2530 842 2574 quidam
869 2528 996 2562 dicunt
1020 2526 1127 2561 Iliam
1156 2526 1274 2569 (Iliam
1302 2536 1366 2559 om.
1389 2525 1437 2567 P)
1465 2524 1534 2558 sibi
1560 2523 1680 2556 Anien
1705 2521 1795 2555 fecit

91 2592 259 2623 uxorem,
285 2581 327 2614 ut
352 2579 417 2614 alii
444 2579 498 2622 (ut
523 2578 588 2612 alii
614 2589 678 2612 om.
700 2577 749 2621 P)
775 2577 871 2610 inter
898 2586 990 2619 quos
1010 2573 1202 2615 Horatius,
1230 2572 1390 2615 Tiberis,
1412 2571 1507 2606 unde
1528 2571 1584 2604 est
1610 2569 1794 2603 uxorius

93 2628 246 2664 amnis.
299 2626 405 2671 pueri
429 2637 517 2660 uero
544 2624 703 2670 expositi
729 2624 775 2659 ad
800 2623 963 2658 uicinam
989 2621 1108 2666 ripam
1135 2620 1249 2655 delati
1276 2621 1376 2661 sunt,
1412 2618 1459 2653 ad
1485 2628 1576 2661 quos
1602 2616 1794 2661 mugientes

92 2676 182 2720 lupa
207 2675 251 2709 de
278 2673 409 2708 uicinis
435 2673 621 2708 montibus
648 2671 750 2706 uenit
775 2671 812 2706 et
836 2670 953 2704 ubera
978 2667 1166 2713 praestitit
1192 2666 1403 2711 (praestetit
1424 2666 1482 2709 P).
1535 2664 1597 2698 sed
1624 2675 1705 2697 cum
1733 2673 1794 2696 cos

92 2723 249 2757 Faustus
280 2722 408 2765 pastor
440 2720 517 2755 eius
555 2719 628 2754 loci
666 2716 992 2753 animaduertisset
1026 2714 1159 2749 nutriri
1194 2726 1215 2748 a
1240 2714 1319 2748 fera
1351 2715 1388 2747 et
1418 2712 1542 2757 picum
1575 2719 1793 2755 pari-amque

96 2768 412 2811 circumuolitare,
453 2766 661 2812 suspicatus
705 2765 852 2800 diuinae
895 2763 1046 2808 originis
1085 2762 1249 2797 sobolem
1298 2761 1343 2794 ad
1382 2761 1518 2794 Accam
1556 2756 1794 2792 Laui-entiam

93 2828 244 2852 uxorem
269 2826 363 2859 quae
390 2816 476 2849 ante
501 2813 675 2848 meretrix
702 2811 882 2856 (meritrix
908 2811 955 2855 P)
988 2810 1108 2844 fuerat
1140 2820 1272 2854 pueros
1300 2807 1450 2849 detulit,
1485 2816 1577 2849 quae
1606 2804 1794 2847 susceptos

95 2865 170 2907 (eos
196 2863 245 2907 P)
273 2862 376 2897 aluit.
406 2861 481 2896 GP.
532 2872 623 2905 qnae
654 2861 754 2904 apud
786 2859 950 2893 Servium
982 2860 1151 2891 secuntur
1182 2856 1222 2889 hi
1248 2856 1377 2899 postea
1405 2883 1410 2888 .
1435 2883 1440 2888 .
1464 2883 1470 2889 .
1498 2853 1535 2886 in
1561 2851 1680 2885 tutela
1715 2860 1794 2883 esse

96 2910 225 2945 Martis
251 2921 292 2944 ea
319 2910 461 2953 integra
486 2909 589 2942 habet
609 2908 648 2949 0,
674 2908 728 2941 ita
753 2909 949 2947 eontracta,
978 2908 1015 2938 ut
1043 2906 1080 2939 et
1105 2915 1127 2938 a
1147 2903 1254 2937 Romi
1282 2901 1428 2936 nomine
1456 2930 1461 2935 .
1486 2928 1491 2933 .
1515 2927 1520 2932 .
1550 2897 1793 2931 diminutione

99 2961 131 2993 et
155 2959 193 2992 et
218 2957 363 2992 constat
387 2957 457 2991 hoc
484 2955 624 2990 animal
650 2954 688 2988 in
713 2953 833 2988 tutela
859 2963 937 2987 esse
963 2951 1093 2986 Martis
1120 2951 1252 2992 desim,
1280 2949 1314 2982 P
1340 2950 1351 2992 Η
1386 2952 1425 2981 12
1454 2947 1524 2979 duo
1552 2945 1684 2979 fratros
1713 2944 1760 2977 M
1783 2943 1793 2986 11

97 3055 141 3086 13
168 3051 263 3086 filios
290 3051 324 3085 L
358 3049 488 3095 (filium
515 3050 540 3093 Z)
572 3049 584 3093 11
618 3052 660 3082 14
694 3046 831 3082 sobolis
856 3045 998 3080 BHM
1026 3046 1038 3089 11
1074 3049 1115 3079 16
1142 3043 1304 3078 romulus
1331 3041 1365 3073 R
1404 3014 1565 3083 r0111u³j4
1643 3037 1691 3071 M
1715 3037 1744 3079 (s
1772 3048 1795 3070 cc

97 3109 140 3132 m.
167 3100 246 3141 sec.)
275 3099 287 3142 ΙΙ
320 3102 360 3132 17
387 3096 510 3141 Iliam]
538 3096 650 3130 aliam
678 3095 719 3128 K
746 3095 757 3138 ΙΙ
788 3093 924 3138 Anien]
960 3091 1078 3127 amnis
1103 3092 1138 3124 B
1167 3093 1178 3135 Η
1211 3094 1253 3124 18
1286 3088 1381 3121 unde
1414 3086 1481 3130 ait}
1516 3085 1609 3119 unde
1644 3085 1699 3119 est
1726 3084 1793 3118 KJ.

100 3155 164 3178 om.
193 3145 241 3178 M
267 3145 280 3188 ll
309 3148 353 3178 20
380 3144 438 3179 cui
463 3143 575 3177 BMl
