2204 3437
577 207 726 242 COMM.
752 208 803 241 IN
830 208 971 244 VERG.
998 208 1107 242 AEN.
1136 208 1158 242 I.
1188 212 1384 242 599—1307.
1744 208 1825 248 179

253 314 349 356 605.
406 331 558 355 1101111111
601 315 791 366 adferant
833 316 891 356 1·οΖ
935 316 1125 356 tribuant.
1266 327 1387 364 QVAE
1435 327 1492 355 TE
1538 327 1632 354 TAM
1679 326 1829 355 LAETA

137 396 382 425 TVLERVNT
417 395 621 426 SAECVLA
661 385 765 425 alibi
804 385 913 426 nati
951 385 1254 426 melioribus
1293 385 1457 438 annis3
1495 385 1678 426 felicitas
1718 387 1829 427 enim

135 457 375 508 temporum
409 470 457 496 ex
491 457 740 496 nascentum
772 455 936 496 meritis
970 456 1289 510 comprobatur,
1327 460 1372 497 ut
1400 471 1420 497 0
1451 457 1654 498 contrario
1690 457 1831 497 Teren-

135 525 217 566 tius
247 525 414 567 hocine
444 527 715 568 saeculum!
746 540 767 568 0
798 527 998 580 scelera,
1036 540 1057 568 o
1091 541 1269 580 ymera
1306 528 1572 578 sacrilega!
1635 530 1672 568 ct
1707 529 1832 581 diffluo

136 595 228 637 laus
257 597 432 651 reyc'bus,
464 601 509 638 ut
539 598 637 638 bono
671 601 841 650 tevzporc
871 598 962 638 nati
992 611 1072 639 esse
1103 599 1307 639 (licuntur.

253 667 349 708 606.
400 680 477 717 QVI
516 680 658 709 ΤΑΝΤΙ
698 680 857 709 TALEM
895 680 1112 709 GENVERE
1151 680 1393 710 PARENTES
1427 669 1655 710 seeundum
1696 672 1831 710 artem

137 737 391 778 rhetoricam
423 741 622 791 parentes
657 754 760 793 quos
793 739 966 793 ignorat
999 739 1145 779 laudat
1178 753 1226 780 ex
1254 739 1412 780 liberis.
1460 740 1587 781 simul
1615 740 1831 781 sciendum

135 809 279 849 omnia
311 808 391 849 hoc
424 809 517 849 1000
552 809 689 850 laudis
721 812 952 864 praecepta
984 812 1170 865 servata3
1204 824 1301 851 nam
1336 812 1377 850 et
1409 826 1434 851 a
1458 811 1709 864 parentibus
1743 812 1831 852 lau-

135 878 225 932 dat,
263 881 310 919 ut
343 878 435 933 ‘qui
474 880 584 920 tanti
623 880 756 921 talem
795 894 978 934 genuere
1015 879 1256 935 parentes'3
1298 883 1340 921 et
1379 881 1431 921 ab
1470 881 1579 935 ipsa,
1618 884 1667 922 ut
1708 881 1719 898 ‘

135 948 259 990 domo
301 948 476 1002 socias'3
520 952 560 990 et
600 965 624 991 a
663 951 826 1005 futuro,
864 955 913 992 ut
954 951 1213 1006 ‘nomenque
1254 955 1375 993 tuum
1416 952 1645 1007 laudesque
1688 968 1830 995 mane-

134 1019 273 1061 bunt'.
336 1019 498 1061 ‘talem’
530 1024 684 1076 autema,
717 1026 801 1063 tam
834 1024 1001 1076 iustam,
1035 1026 1118 1063 tam
1141 1023 1273 1076 piam.

1729 883 1831 923 urbe

252 1091 349 1132 607.
399 1103 448 1131 IN
481 1101 635 1132 FRETA
668 1093 842 1134 abusive
875 1094 1000 1134 modo
1033 1094 1187 1147 maria3
1227 1109 1327 1135 nam
1366 1093 1539 1148 proprie
1577 1094 1735 1135 fretum
1768 1098 1832 1136 est

134 1175 250 1202 mare
282 1162 539 1203 naturaliter
570 1163 746 1218 mobile,
785 1164 837 1204 ab
876 1165 1087 1205 undarum
1126 1164 1294 1206 fervore
1332 1165 1612 1206 nominatum.
1734 1178 1831 1206 DVM

134 1244 365 1274 MONTIBVS
398 1245 586 1274 VMBRAE
618 1245 922 1276 LVSTRABVNT
956 1247 1174 1277 CONVEXA
1214 1236 1287 1277 alii
1325 1236 1406 1277 1100
1438 1236 1530 1278 1000
1563 1236 1832 1290 distinguunt

134 1305 176 1343 et
208 1302 370 1359 dicunt,
413 1304 613 1358 quamdiu
646 1305 851 1347 inclinata
883 1307 927 1347 in
966 1307 1185 1348 montibus
1220 1307 1357 1349 latera
1395 1308 1569 1348 umbrae
1611 1322 1687 1361 pro
1727 1308 1830 1348 solis

134 1372 244 1414 flexu
270 1374 570 1429 circumibunt,
603 1378 651 1416 ut
683 1376 877 1418 lustrat
898 1377 1146 1419 Aventini
1178 1381 1417 1419 montem:
1452 1381 1526 1419 aut
1553 1378 1830 1421 ‘lustrabunt’

134 1443 457 1499 inumbrabunt,
482 1445 593 1486 unde
619 1447 755 1488 lustra
782 1451 824 1489 et
850 1448 1036 1490 ferarum
1063 1449 1221 1490 cubilia
1248 1452 1296 1490 et
1314 1449 1541 1503 lupanaria
1566 1465 1641 1504 per
1665 1454 1831 1492 eontra—

134 1514 245 1555 rium
279 1515 476 1570 dicimus,
511 1517 609 1570 quia
639 1532 790 1571 parum
823 1520 1119 1561 inlustrantur.
1170 1520 1243 1561 alii
1270 1523 1415 1562 tamen
1448 1520 1650 1562 econvexa
1677 1521 1830 1562 sidera’

133 1586 301 1640 volunt,
344 1586 387 1627 id
432 1590 497 1628 est
540 1588 789 1644 pendentia,
832 1594 880 1631 ut
919 1593 967 1630 et
1012 1591 1140 1631 caeli
1186 1605 1407 1632 convexa
1446 1607 1532 1645 per
1578 1607 1745 1645 auras,
1789 1592 1831 1632 id

134 1659 199 1697 est
242 1671 464 1711 suspensa,
508 1657 787 1714 planetasque
825 1661 1102 1715 intellegunt,
1140 1661 1240 1715 quia
1276 1677 1361 1703 non
1400 1665 1499 1703 sunt
1537 1663 1629 1717 fixi,
1673 1663 1747 1705 sed
1785 1663 1829 1703 in

133 1729 228 1767 acre
271 1727 478 1769 feruntur.
541 1728 700 1782 ‘pasci'
741 1733 883 1772 autem
929 1732 1049 1786 aquis
1096 1732 1273 1773 marinis
1320 1733 1479 1786 sidera,
1518 1734 1561 1774 id
1603 1737 1669 1774 est
1709 1734 1831 1788 ignes

136 1797 356 1849 caelestes,
382 1798 550 1852 physici
576 1799 747 1854 docent,
781 1802 1013 1843 seeundum
1040 1817 1145 1856 quos
1173 1802 1367 1843 Lucanus
1396 1803 1458 1844 ait
1490 1807 1640 1858 atque
1673 1805 1831 1845 undae

133 1867 246 1921 plus
286 1883 432 1923 quam
472 1869 601 1924 quod
639 1864 844 1924 digerat
883 1876 976 1913 aer.
1041 1871 1155 1914 ‘salii
1193 1872 1349 1914 ‘sidem
1386 1874 1580 1915 eonvexa'
1619 1876 1734 1917 nobis
1772 1877 1831 1916 in-

132 1939 348 1989 minentia,
380 1940 441 1981 vel
470 1954 572 1994 quac
595 1955 672 1994 per
710 1955 928 1983 convexum
960 1944 1103 1996 polum
1133 1947 1381 1997 pascuntur,
1419 1945 1478 1986 vel
1509 1959 1611 1997 quae
1634 1960 1712 1998 per
1742 1960 1831 1987 con-

228 2107 247 2137 2
274 2103 369 2149 nati]
396 2104 439 2138 A.
466 2104 515 2138 VI
543 2109 610 2139 649
643 2106 654 2149 ΙΙ
685 2110 704 2139 3
740 2105 948 2152 Terentius]
983 2106 1040 2141 ad.
1068 2107 1118 2140 III
1144 2111 1183 2150 2,
1217 2111 1247 2141 6.
1299 2108 1342 2141 ef.
1371 2108 1461 2143 Don.
1495 2108 1541 2142 ad
1574 2109 1670 2142 110110
1704 2121 1794 2144 vers.
1822 2111 1833 2154 Ι1

136 2153 177 2183 16
203 2150 352 2195 lustrat]
390 2153 432 2185 A.
470 2152 556 2185 VIII
591 2156 657 2186 231
690 2153 702 2196 l]
736 2157 776 2186 17
814 2154 909 2187 unde
947 2154 1063 2187 lustra
1090 2182 1096 2188 .
1119 2182 1125 2188 .
1149 2181 1156 2188 .
1182 2153 1432 2200 illustrantur]
1471 2166 1580 2190 exser.
1618 2156 1701 2190 Isid.
1741 2157 1830 2200 orig.

134 2196 217 2230 XIV
245 2202 276 2239 8,
303 2202 346 2232 29
366 2199 378 2242 ΙΙ
400 2202 441 2232 19
469 2201 506 2233 et
531 2199 640 2244 caeli]
667 2200 708 2235 A.
736 2200 802 2234 VII
829 2204 895 2234 543
923 2202 935 2244 11
960 2205 1004 2235 20
1030 2201 1274 2245 planetasque
1301 2230 1308 2236 .
1331 2231 1338 2237 .
1361 2230 1366 2236 .
1394 2202 1578 2248 feruntur]
1605 2214 1719 2239 exser.
1747 2204 1830 2239 Isid.

133 2243 223 2288 orig.
251 2245 302 2278 III
329 2249 383 2288 70,
410 2249 454 2279 20
485 2247 497 2290 Η
531 2250 574 2280 22
601 2247 786 2292 Lucanus]
814 2248 845 2281 X
875 2252 942 2282 260

230 2400 246 2428 1
281 2397 330 2430 acl
363 2408 392 2430 11.
423 2401 489 2430 605
523 2397 674 2442 Ferant]
709 2399 888 2435 adferant.
923 2401 958 2433 P
983 2402 994 2445 ΙΙ
1026 2406 1045 2435 3
1078 2403 1296 2435 nascentum
1329 2402 1442 2435 HM.-
1478 2403 1705 2437 nascentium
1740 2404 1832 2438 ΒΘΖ

133 2443 289 2476 naeente
323 2443 357 2476 L
387 2445 399 2487 ΙΙ
430 2444 464 2488 0]
501 2446 538 2478 te
575 2445 604 2478 (J
632 2446 643 2488 ΙΙ
674 2447 870 2480 terrentius
908 2447 938 2481 G
965 2449 977 2490 ss
1010 2452 1028 2482 7
1064 2448 1232 2483 laudauit
1266 2448 1396 2482 BGM
1425 2450 1436 2493 ΙΙ
1469 2454 1509 2483 12
1548 2450 1595 2483 (ul
1628 2462 1659 2484 11.
1688 2455 1753 2485 007
1792 2453 1830 2485 In

133 2489 244 2534 freta]
273 2490 424 2524 abusiue
453 2520 458 2525 .
483 2520 488 2525 .
512 2520 518 2525 .
547 2492 592 2525 ab
618 2492 799 2526 undarum
832 2494 974 2528 feruore
1007 2494 1157 2530 dictum.
1187 2496 1222 2528 P
1247 2496 1259 2539 11
1292 2500 1333 2529 13
1366 2495 1502 2530 mobile
1536 2498 1573 2530 et
1603 2497 1709 2531 terris
1744 2498 1830 2531 11101-

134 2548 220 2570 num
252 2538 317 2570 aut
347 2537 544 2580 inclusum,
584 2540 624 2572 ut
655 2538 789 2573 fretum
821 2540 987 2575 Siculum
1018 2542 1063 2576 ab
1096 2543 1277 2577 undarum
1315 2542 1459 2577 feruore
1491 2544 1731 2578 nominatum.
1763 2545 1796 2578 Τ)

135 2583 381 2629 nominatum]
409 2586 495 2619 tune
520 2586 674 2619 tantum
693 2586 828 2621 fretum
854 2588 988 2623 dicitur
1007 2590 1154 2633 quando
1175 2601 1196 2623 a
1216 2589 1336 2623 uentis
1357 2601 1456 2624 mare
1477 2590 1652 2635 agitatur.
1691 2592 1830 2625 dietum

134 2630 268 2664 fretum
295 2642 317 2665 a
340 2631 498 2667 fremitu.
550 2644 649 2666 mare
682 2636 828 2678 proprie
861 2635 1002 2670 dictum
1035 2637 1118 2671 aad.
1147 2638 1158 2671 l
1183 2638 1225 2671 in
1249 2647 1362 2680 marg).
1395 2638 1407 2681 ΙΙ
1441 2642 1483 2671 14
1510 2637 1741 2682 distinguunt
1768 2639 1814 2672 ]1[
1821 2653 1831 2671 .·

133 2677 339 2721 distingunt
365 2678 483 2712 CLH
510 2680 521 2722 ΙΙ
555 2683 596 2713 15
632 2680 784 2715 flexibus
818 2683 866 2715 M
895 2684 906 2726 ΙΙ
938 2683 1191 2719 circumibunt.
1242 2685 1308 2718 aut
1338 2684 1494 2717 lustrum
1527 2685 1666 2719 facient
1699 2686 1829 2719 monti-

134 2724 218 2768 bus,
244 2724 282 2758 id
308 2726 363 2759 est
388 2727 511 2760 rotatu
538 2726 626 2761 solis
652 2730 843 2762 uertentur
869 2730 965 2764 eirca
997 2731 1177 2765 montium
1210 2731 1318 2765 sinus.
1369 2732 1410 2764 ut
1435 2732 1570 2766 lustrat
1595 2733 1631 2765 J)
1662 2734 1673 2776 ΙΙ
1708 2738 1747 2766 10
1775 2733 1830 2777 ut]

137 2781 201 2805 om.
232 2771 261 2805 C
282 2772 378 2806 unde
405 2773 439 2805 L
464 2774 519 2816 (ut
544 2774 569 2816 l)
601 2775 612 2817 ΙΙ
643 2774 774 2810 lustrat
800 2776 966 2810 auentini
992 2780 1155 2812 montem
1182 2779 1387 2812 oblitterata
1412 2779 1453 2812 in
1480 2778 1510 2811 (Ι
1532 2781 1544 2823 Η
1568 2779 1831 2813 inuinbrabunt

137 2817 185 2851 0³
216 2819 256 2852 in
287 2829 421 2853 rasura
451 2821 463 2863 ss
498 2824 536 2854 17
563 2821 659 2855 unde
685 2832 749 2855 om.
780 2822 809 2856 C
836 2824 847 2866 ΙΙ
882 2827 922 2857 18
955 2824 1124 2867 quiarum
1152 2825 1182 2859 G
1209 2829 1250 2859 ut
1281 2825 1423 2858 videtur
1457 2825 1506 2868 qd
1539 2837 1669 2869 parum
1698 2826 1747 2860 0²
1779 2827 1831 2859 vel

137 2864 182 2897 0³
212 2866 224 2908 ΙΙ
255 2869 299 2899 20
325 2866 412 2910 quia
437 2866 534 2900 LH:
561 2879 654 2910 quac
680 2869 714 2901 R
740 2869 803 2912 qni
831 2869 914 2904 GM
942 2872 954 2914 ΙΙ
985 2871 1078 2913 fixae
1107 2872 1139 2905 R
1169 2873 1181 2915 ΙΙ
1213 2877 1255 2906 21
1283 2872 1458 2906 feruntur.
1510 2872 1570 2905 alii
1599 2872 1719 2906 sidera
1747 2884 1829 2906 ‹fon-

137 2922 230 2946 uexa
254 2912 360 2947 nobis
386 2913 605 2948 inminentia
629 2915 686 2948 uel
716 2927 808 2958 quae
836 2928 900 2960 per
925 2928 1128 2952 connexum
1155 2919 1281 2963 polum
1308 2920 1516 2962 pascuntur.
1558 2920 1616 2952 uel
1643 2932 1734 2962 qnae
1763 2931 1830 2953 0011

136 2969 333 3002 pernexum
366 2960 547 3005 disposita
584 2962 819 2996 exhalatione
855 2965 973 2999 terrae
1007 2965 1081 2998 als
1113 2966 1317 2999 credantur.
1375 2965 1543 3008 quamuis
1582 2965 1687 3009 fysiei
1727 2967 1828 3010 pasci

136 3005 240 3048 aquis
273 3006 421 3041 marinis
453 3008 574 3041 sidera
605 3008 641 3041 id
674 3010 729 3043 est
760 3009 863 3053 ignes
896 3011 1073 3046 caelestes
1106 3013 1263 3046 doceant
1297 3012 1496 3045 seeundum
1531 3024 1622 3055 quos
1650 3042 1656 3048 .
1685 3043 1691 3048 .
1721 3042 1726 3047 .
1755 3025 1828 3047 aer.

137 3051 286 3094 quidam
319 3053 442 3088 radios
477 3054 563 3089 solis
588 3083 595 3089 .
624 3083 629 3089 .
659 3083 665 3089 .
700 3057 843 3090 caelum
878 3057 979 3092 dixit.
1010 3058 1039 3089 (⁷
1072 3061 1083 3102 ΙΙ
1121 3063 1164 3092 22
1198 3060 1246 3092 ad
1270 3070 1300 3092 r.
1329 3062 1395 3091 ‹30ss
1431 3059 1575 3104 I'ascet]
1613 3060 1829 3094 translatitie

136 3097 279 3178 diciltur.
330 3100 433 3144 fysiei
465 3101 606 3145 (fysice>
642 3104 765 3136 autem
798 3104 897 3147 pasci
931 3105 1035 3148 aquis
1070 3106 1219 3139 marinis
1253 3105 1373 3138 sidera
1405 3105 1547 3148 dieunt,
1583 3106 1617 3139 id
1646 3109 1701 3141 est
1726 3107 1830 3151 ignes

140 3155 202 3178 cae
221 3147 327 3180 estes.
356 3147 393 3180 P

1478 3211 1547 3245 12*

1860 959 1902 988 10

1861 1314 1900 1343 15

1856 1668 1900 1698 20
