2204 3437
351 932 392 961 10

355 1288 395 1317 15

417 177 501 217 524
1183 172 1342 207 SERVII

417 296 572 334 NEQVE
611 295 702 326 EGO
741 295 865 325 HANG
898 280 1248 337 ‘profectionem’
1284 281 1464 333 [scilicet]
1499 279 1718 321 subaudis:
1755 294 1855 320 nam
1887 279 2115 334 posteriori

418 370 503 395 non
541 356 686 408 potest
723 354 862 408 iungi,
906 368 958 395 ne
997 354 1053 395 sit
1091 353 1314 395 confessio,
1377 355 1413 393 et
1441 351 1512 392 hoc
1542 354 1598 392 est
1635 351 1741 404 quod
1768 351 1944 392 reddidit
1974 349 2114 403 <305>

419 424 692 467 ‘dissimulare
722 426 844 466 etiam
875 424 1075 478 sperasti'.
1688 409 1694 417 ⁸

536 496 633 537 339.
672 508 936 538 PRAETENDI
958 508 1138 538 TAEDAS
1162 495 1319 550 probat
1338 509 1426 536 non
1446 508 1536 535 esse
1557 492 1894 534 matrimonium:
1921 493 2019 545 quia
2037 492 2113 532 illa

417 567 578 607 discerat
608 567 748 620 <316>
787 566 876 620 ‘per
913 567 1083 608 conubia
1120 564 1294 608 nostra'.
1355 568 1392 606 et
1429 567 1486 606 est
1520 564 1639 617 quasi
1669 566 1798 605 status
1835 563 1933 616 finis
1970 563 2116 604 latens:

417 638 517 689 quid
545 638 627 679 siut
659 638 858 691 leyitimae
887 638 1065 690 nuptiae.
1125 640 1162 677 et
1197 635 1261 676 liic
1299 635 1481 677 Aeneam
1520 635 1677 675 inducit
1712 638 1891 688 assentem
1927 634 2040 675 nullo
2078 646 2118 675 se

419 709 677 749 matrimonii
706 708 796 749 iure
818 722 937 761 posse
968 707 1199 760 constrin9i‚
1231 706 1302 759 qui
1332 719 1458 758 neque
1489 704 1812 757 confarreatione
1843 704 2002 746 Didoni
2027 717 2115 745 con-

418 780 580 820 iunctus
608 780 756 831 fuerat,
788 782 834 820 ut
862 779 1028 831 flmuini
1065 792 1112 819 ac
1150 777 1384 830 flaminicae
1422 777 1625 818 convenit:
1663 776 1725 816 ait
1760 776 1867 816 enim
1906 775 1995 817 ‘nec
2031 789 2119 817 con-

418 851 525 902 iufsis
561 864 756 903 umquam
780 850 995 903 praetendi
1027 850 1180 903 taedas,
1214 852 1288 889 aut
1316 848 1411 889 haec
1442 848 1487 888 in
1516 847 1678 899 foedera
1707 847 1798 888 veni
1806 845 1829 888 ².
1873 850 1911 887 et
1941 845 2116 888 ‘taedas'

417 922 577 974 quidem
609 925 806 974 qucmtum
838 922 894 963 ad
922 921 1056 974 iynem
1081 920 1266 973 pertinet,
1300 932 1377 971 per
1408 932 1524 971 quem
1556 930 1641 959 mos
1672 918 2013 972 confarreationis
2042 918 2112 970 fir-

420 993 628 1043 mabatur,
660 993 785 1034 dixu:
823 992 972 1034 scilicet
1006 1005 1056 1033 ne
1087 994 1161 1032 aut
1198 991 1369 1044 leyitime
1404 990 1588 1044 iuyatam
1625 992 1766 1030 contra
1801 989 1870 1041 fas
1907 989 2117 1041 reliquisse

419 1064 630 1117 videretw,
662 1067 735 1105 aut
762 1063 913 1115 foedus²
946 1064 992 1104 id
1019 1066 1077 1104 est
1104 1063 1224 1115 fidem
1260 1062 1418 1115 rupisse
1449 1064 1666 1114 perpetuae
1703 1061 1981 1113 castimoniae,
2019 1060 2118 1112 quia

421 1149 511 1175 eum
540 1135 715 1186 fuissent
754 1135 898 1184 iuncti,
936 1134 1085 1175 scirent
1124 1133 1319 1174 tonuisse:
1351 1146 1452 1185 quae
1483 1146 1547 1173 res
1571 1132 1732 1172 dirimit
1755 1131 2117 1183 confarreationes:

422 1207 583 1247 diderat
612 1206 720 1246 enim
751 1205 860 1246 Iuno
892 1204 1033 1257 <122>
1066 1203 1123 1245 ‘et
1154 1205 1306 1245 tonitru
1337 1203 1490 1244 caelum
1522 1216 1637 1243 omne
1668 1200 1792 1243 ciebo’
1826 1205 1862 1242 et
1879 1201 2006 1254 paulo
2025 1204 2121 1254 post

427 1277 567 1330 (161)
601 1276 847 1329 ‘insequitur
878 1276 1095 1317 commixta
1122 1275 1325 1329 yrandine
1355 1272 1548 1315 nimbus’.
1652 1284 1742 1314 AVT
1774 1283 1896 1313 HAEC
1929 1284 1978 1313 IN
2009 1283 2119 1314 FOE-

421 1360 545 1389 DERA
578 1360 687 1389 VENI
720 1349 793 1389 aut
825 1346 1106 1400 matrimonii,
1146 1349 1188 1387 et
1225 1344 1486 1400 iungendum
1526 1347 1591 1385 est
1630 1343 1856 1398 superiori:
1896 1347 1970 1385 aut
2008 1344 2119 1385 certe

422 1419 473 1460 ad
500 1419 743 1473 posteriora.
769 1418 968 1473 pertinet,
1001 1420 1044 1460 et
1074 1417 1154 1459 1106
1192 1417 1312 1458 dicit:
1350 1431 1439 1458 11011
1477 1415 1529 1456 ad
1569 1414 1648 1456 1106
1688 1414 1803 1468 veni,
1840 1416 1888 1455 ut
1925 1414 1995 1455 hie
2033 1428 2120 1455 mo-

421 1505 556 1531 rarer:
590 1490 699 1531 sicut
732 1493 774 1531 et
805 1503 915 1530 1111116
946 1489 1102 1543 probat
1133 1489 1267 1529 dicens
1300 1486 1386 1528 eme
1420 1486 1454 1528 si
1494 1486 1584 1527 fata
1622 1485 1727 1526 meis
1767 1487 2016 1539 paterentur
2049 1484 2120 1526 du-

423 1577 514 1603 cere
547 1559 704 1603 vitam'
744 1563 786 1602 et
825 1560 931 1601 dixit
968 1560 1012 1600 in
1051 1559 1192 1614 primo
1231 1559 1372 1612 <610>
1412 1573 1534 1612 quae
1574 1571 1645 1597 me
1683 1571 1893 1611 cumque
1932 1557 2121 1597 vocant

353 1651 360 1657 ·
423 1637 607 1675 terrae.
671 1645 772 1686 ergo
807 1630 945 1672 ‘veni’
978 1629 1188 1683 consensi,
1219 1629 1300 1671 1106
1340 1631 1404 1670 est
1440 1642 1525 1669 non
1565 1628 1620 1668 ad
1656 1627 1760 1668 haec
1799 1626 1996 1668 consensi
2033 1626 2119 1668 foe-

425 1704 542 1758 dera,
575 1706 623 1744 ut
655 1718 749 1744 cum
782 1702 935 1744 veliem
969 1701 1194 1755 discedere,
1226 1715 1311 1742 non
1343 1700 1501 1740 liceret.

542 1775 639 1816 340.
688 1785 796 1816 MEIS
831 1784 1051 1815 AVSPICIIS
1085 1773 1381 1827 argumentum
1416 1785 1439 1811 a
1470 1769 1737 1810 necessitate.
1799 1770 1842 1809 et
1874 1766 2119 1822 ‘auspiciis’

424 1846 537 1900 ideo,
565 1846 665 1900 quia
691 1845 872 1886 maiores
901 1844 1042 1886 omnia
1069 1843 1292 1897 auspicato
1321 1841 1538 1897 gerebant.
1589 1854 1690 1895 ergo
1719 1837 1951 1894 ‘auspiciis'
1978 1838 2117 1893 dispo-

425 1917 666 1958 sitionibus.
721 1919 850 1970 potest
880 1919 916 1956 et
947 1913 1182 1968 ecticspiciis’
1221 1914 1370 1955 dixisse
1401 1911 1619 1965 omi-nibus,
1651 1912 1749 1964 quia
1785 1911 1830 1951 in
1868 1911 1958 1951 iure
1994 1923 2120 1963 auqu-

379 1998 393 2025 .'
424 1989 507 2029 rati
538 1989 767 2041 auspicium
798 1987 947 2028 dicitur
984 1987 1091 2039 quod
1128 1999 1208 2026 non
1226 1984 1453 2037 petentibus
1485 1983 1598 2024 nobis
1624 1983 1679 2024 ad
1703 1996 1760 2035 ea,
1785 1995 1888 2034 quae
1912 1982 1957 2022 in
1982 1982 2121 2022 animo

425 2059 632 2113 habemus,
674 2059 755 2100 vice
799 2057 947 2099 ominis
990 2056 1182 2108 offertur:
1226 2055 1312 2096 vult
1355 2055 1463 2096 enim
1504 2054 1705 2095 ostendere
1748 2053 1931 2093 Aeneam
1969 2065 2122 2105 semper

427 2246 493 2279 pro
520 2234 572 2268 rei
599 2234 755 2268 ueritate
783 2235 893 2277 atque
920 2232 1073 2267 iustitia.
1125 2232 1162 2266 et
1194 2230 1341 2275 proprie
1374 2229 1466 2264 dixit
1497 2240 1616 2274 pauca
1647 2228 1686 2262 id
1718 2229 1773 2263 est
1805 2228 1836 2262 si
1861 2227 1914 2263 rei
1939 2227 2121 2272 magnitu-

429 2282 551 2316 dinem
579 2281 720 2326 cogites
746 2292 865 2325 pauca
896 2280 926 2313 T
940 2282 952 2325 ΙΙ
973 2284 989 2314 1
1018 2279 1125 2324 HANG]
1153 2291 1373 2312 Aescoxnnnn
1394 2291 1424 2311 r.
1448 2290 1473 2311 s.
1502 2278 1584 2311 add.
1601 2276 1634 2310 L
1653 2277 1665 2320 ss
1685 2275 1864 2320 superiori
1884 2275 1917 2309 L
1944 2277 1975 2318 (t
1999 2276 2122 2320 poste-

428 2329 515 2363 riori
544 2340 718 2373 superscr.
747 2330 771 2371 I)
805 2329 817 2372 ΙΙ
855 2332 873 2361 2
902 2330 950 2362 ad
982 2338 1027 2361 ne
1059 2327 1156 2370 finge
1188 2324 1314 2369 fugam
1340 2336 1438 2368 supr.
1466 2335 1551 2358 vers.
1585 2324 1783 2368 respondet
1815 2323 1860 2357 ad
1893 2322 1987 2356 illud
2018 2321 2123 2356 dissi-

428 2376 570 2410 mulare
597 2377 709 2410 etiam
736 2375 889 2420 sperasti
920 2375 976 2418 ΤΙΙ
997 2379 1015 2409 3
1043 2373 1261 2408 desimulare
1288 2372 1327 2406 F
1343 2373 1354 2416 ΙΙ
1375 2372 1535 2416 speranti
1563 2370 1628 2414 Fu
1648 2375 1668 2404 4
1694 2370 1903 2415 probat...
1925 2369 2123 2404 commixta

429 2423 606 2467 grandine
632 2423 778 2457 nimbus
803 2423 933 2456 habeut
958 2422 989 2455 T
1010 2423 1050 2455 iu
1078 2432 1187 2463 mars).
1211 2420 1278 2462 inf.
1300 2424 1331 2453 et
1352 2420 1512 2453 Ambros.
1535 2420 1545 2463 ΙΙ
1566 2429 1643 2452 esse
1670 2416 1945 2452 matrimonium
1972 2427 2037 2451 om.
2054 2416 2095 2450 H
2132 2450 2142 2459 ,

429 2475 447 2503 5
477 2472 531 2505 est
557 2481 620 2505 om.
649 2471 811 2504 Ambros.
845 2470 856 2513 ΙΙ
895 2469 974 2503 finis
1002 2469 1119 2502 latens
1153 2467 1181 2500 T
1221 2468 1310 2501 fines
1336 2466 1455 2500 latens
1484 2465 1522 2499 F
1560 2465 1672 2499 fuerit
1696 2464 1815 2499 latens
1842 2465 2004 2498 Ambros.
2042 2463 2121 2497 fini-

431 2518 542 2552 tionis
570 2518 786 2552 RIasvicius.
831 2518 925 2550 m'lu‘l
944 2516 1101 2556 mutaei‚·
1127 2526 1209 2548 nam
1240 2515 1387 2548 ‘statum
1407 2513 1505 2556 finis’
1534 2513 1632 2546 haud
1658 2513 1730 2546 seio
1757 2523 1805 2546 an
1830 2512 2033 2545 scholiastes
2055 2520 2123 2554 pro

434 2565 545 2599 ‘statu
573 2565 728 2608 simtu-0⁹
759 2565 893 2599 diseerit
920 2565 978 2606 (es.
1009 2563 1101 2597 Isid.
1130 2573 1179 2595 or.
1211 2562 1239 2595 11
1267 2566 1297 2603 5,
1326 2563 1360 2604 2)
1387 2572 1454 2605 quo
1475 2563 1583 2604 poeta
1609 2561 1758 2593 latenter
1783 2569 1871 2592 usus
1895 2559 1942 2592 sit
1967 2559 1979 2603 Ι]
2005 2562 2024 2592 6
2053 2557 2124 2592 sint

436 2612 662 2646 TAmbros.:
689 2612 718 2646 si
745 2613 786 2645 fit
811 2611 850 2645 F
866 2613 878 2655 ΙΙ
896 2610 1064 2655 legitime
1093 2609 1131 2642 F
1146 2610 1157 2653 ΙΙ
1191 2613 1208 2643 7
1236 2607 1471 2642 matrimonio
1499 2607 1660 2642 Ambros.
1681 2608 1693 2650 Ι]
1716 2605 1851 2651 neque]
1878 2606 1961 2648 fort.
1989 2615 2123 2648 nequa-

433 2671 542 2703 quam
563 2661 574 2703 Ι]
594 2659 726 2693 didone
755 2658 794 2692 F
832 2657 959 2692 Iunoni
980 2658 1140 2691 Ambros.
1161 2657 1173 2700 ΙΙ
1193 2660 1212 2690 8
1239 2655 1385 2689 flamine
1407 2655 1445 2688 F
1461 2656 1472 2699 ΙΙ
1492 2654 1548 2699 ac]
1577 2656 1614 2689 et
1640 2654 1802 2688 Ambros.
1822 2654 1834 2697 ΙΙ
1856 2657 1897 2687 10
1923 2652 2123 2687 conferrea-

714 2727 730 2743 a

433 2753 546 2788 tionis
568 2753 606 2786 1⁸
631 2752 932 2787 conferreationis
952 2751 983 2784 T
997 2752 1008 2795 ΙΙ
1031 2755 1070 2785 12
1092 2750 1249 2795 rupisse]
1272 2750 1408 2794 nipisse
1424 2748 1464 2782 F
1478 2749 1490 2792 ΙΙ
1511 2753 1552 2782 13
1579 2748 1726 2782 iunctae
1750 2747 1912 2782 Ambros.
1933 2747 1944 2791 ss
1963 2745 2124 2780 tenuisse

436 2801 599 2835 Ambros.
620 2801 631 2844 ΙΙ
651 2798 951 2834 60111“61·1·υα“1101116
978 2798 1018 2832 Γ
1053 2797 1380 2833 confarreationem
1412 2796 1443 2829 T
1457 2797 1468 2840 ΙΙ
1498 2800 1537 2830 15
1560 2808 1627 2830 Αντ
1649 2823 1655 2829 .
1673 2823 1702 2830 ..
1724 2793 1950 2829 matrimonii
1975 2805 2042 2828 om.
2056 2793 2099 2826 H
2113 2792 2125 2837 Η

439 2852 479 2881 1ss
503 2847 583 2893 aut]
611 2847 648 2880 id
669 2850 723 2881 est
746 2847 783 2880 1⁸
799 2848 810 2891 ΙΙ
832 2851 872 2880 17
895 2846 1114 2891 posteriora]
1143 2856 1222 2879 esse
1247 2844 1534 2879 matrimonium.
1574 2844 1649 2876 Aut
1674 2842 1766 2876 haec
1791 2841 1829 2875 in
1855 2840 2004 2875 foedera
2028 2838 2123 2874 ueni.

437 2896 501 2928 aut
533 2893 759 2928 matrimonii
793 2896 829 2927 et
861 2893 1086 2937 iungendum
1119 2896 1170 2926 est
1206 2891 1383 2935 superiori
1417 2892 1480 2925 aut
1513 2891 1611 2924 certe
1637 2889 1684 2924 ad
1709 2887 1914 2933 posteriora
1939 2888 2021 2922 add.
2049 2886 2093 2920 H
2113 2886 2125 2931 ΙΙ,

436 2942 481 2975 ad
514 2942 605 2976 haec
633 2941 720 2974 NH
748 2942 759 2985 ΙΙ
797 2945 841 2976 20
873 2941 1009 2986 terrae]
1044 2939 1105 2973 ubi
1138 2938 1359 2983 significavit
1389 2938 1487 2972 nolle
1522 2937 1621 2981 apud
1652 2934 1911 2979 Carthaginem
1947 2937 2124 2979 perpetuo

435 3000 600 3030 manere,
634 2988 697 3023 sed
730 2988 826 3022 vello
858 2998 1032 3031 quaerere
1067 2986 1169 3021 sedes
1202 2985 1287 3020 fatis
1320 2996 1507 3019 concessas
1539 2985 1621 3019 add.
1649 2984 1686 3017 D
1722 2983 1734 3027 ΙΙ
1770 2986 1813 3016 22
1847 2981 2125 3026 argumentatur

437 3035 634 3069 Fabricius
660 3039 691 3069 et
716 3036 813 3069 Lion
831 3037 843 3079 ΙΙ
862 3039 905 3068 23
933 3045 1058 3069 omnes
1086 3033 1217 3077 111164
1244 3035 1367 3076 potest
1394 3060 1400 3067 .
1431 3060 1436 3066 .
1465 3060 1472 3067 .
1499 3030 1700 3066 consulturi
1725 3030 1847 3064 essent
1872 3029 2002 3063 liabent
2031 3027 2063 3061 Τ
2083 3028 2124 3061 in

436 3094 547 3127 mai-y.
574 3094 652 3126 sup.
681 3086 712 3117 et
737 3082 900 3117 Ambros.
932 3083 943 3126 ΙΙ
974 3084 1011 3116 et
1037 3092 1101 3117 om.
1131 3081 1293 3114 Ambros.
1325 3080 1336 3122 ΙΙ
1373 3078 1582 3113 hominibus
1611 3078 1790 3112 Ambros:
1817 3077 1984 3110 omnibus
2012 3073 2115 3117 FT*

437 3133 480 3163 26
509 3129 586 3163 uice
614 3130 668 3163 IJ':
696 3130 793 3163 uitac
825 3129 856 3162 Τ
888 3129 965 3163 iure
992 3129 1154 3163 Ambros.
1181 3131 1212 3162 et
1238 3127 1371 3161 Daniel
1389 3128 1400 3170 ΙΙ
1428 3125 1584 3159 hominis
1613 3123 1693 3158 FT
1726 3122 1886 3158 hominis
1912 3123 2075 3157 Ambros.
