2204 3437
292 929 334 958 10

295 1281 337 1310 15

294 1632 337 1661 20

358 182 385 221 4
1127 177 1286 212 snavn

359 288 512 329 titulus
546 290 611 329 est
644 286 817 336 Aeneis,
850 284 1133 326 derivativum
1165 299 1321 326 nomen
1353 283 1405 324 ab
1434 282 1597 336 Aenea,
1628 283 1677 322 ut
1702 296 1726 322 a
1753 280 1918 321 Theseo
1945 279 2052 323 The-

360 359 456 400 seis.
525 358 585 399 sic
628 355 845 398 Iuvenalis
896 359 1108 396 vexatus
1157 355 1351 396 totiens
1403 353 1541 394 rauci
1592 351 1843 393 Theseide
1887 349 2054 391 Codri.

361 428 545 482 qualitas
578 426 777 469 carminis
809 427 946 479 patet,
978 439 1079 465 nam
1112 427 1176 467 est
1209 427 1393 465 metrum
1425 422 1643 464 heroicum
1670 424 1712 462 et
1738 423 1856 462 actus
1883 420 2055 473 mixtus,

358 499 432 539 ubi
460 501 502 539 et
528 500 656 552 poeta
682 496 871 551 loquitur
898 498 941 536 et
967 495 1074 537 alios
1099 495 1262 536 inducit
1294 495 1526 549 loquentes.
1578 494 1644 534 est
1670 494 1812 533 autem
1837 490 2055 531 heroicum

361 570 471 623 quod
503 571 674 610 constat
707 582 756 609 ex
797 567 952 608 divinis
990 566 1275 620 humanisque
1312 564 1524 619 personis,
1562 562 1783 604 continens
1821 576 1922 602 vera
1960 574 2056 601 cum

360 640 488 693 fictis,
531 654 631 680 nam
664 638 853 679 Aeneam
893 638 947 678 ad
977 637 1153 679 Italiam
1191 636 1356 678 venisse
1399 634 1675 676 manifestum
1720 635 1802 685 est,
1845 631 2055 673 Venerem

360 724 459 750 vero
498 709 686 750 locutam
724 723 819 749 cum
856 707 956 749 Iove
994 708 1225 749 missumve
1264 704 1523 747 Mercurium
1564 705 1733 744 constat
1772 716 1862 743 esse
1902 715 2056 755 conpo-

361 781 501 822 situm.
564 782 629 821 est
673 781 816 820 autem
861 778 985 820 stilus
1029 778 1355 833 grandiloquus,
1401 775 1472 829 qui
1518 776 1686 815 constat
1730 773 1818 814 alto
1862 786 2056 813 sermone

361 850 614 904 magnisque
640 849 877 890 sententiis.
929 849 1086 890 scimus
1113 848 1225 889 enim
1257 847 1343 888 tria
1375 859 1468 886 esse
1500 857 1656 898 genera
1683 843 1865 896 dicendi,
1896 842 2056 883 humile
2090 878 2096 884 .

361 920 546 961 medium
579 920 918 974 grandiloquum.
969 919 1151 959 intentio
1172 916 1356 971 Vergilii
1381 915 1487 956 haec
1513 917 1595 968 est,
1627 913 1862 954 Homerum
1894 911 2057 953 imitari

361 994 403 1033 et
435 992 679 1045 Augustum
716 990 891 1032 laudare
930 1005 954 1031 a
984 989 1254 1044 parentibus3
1295 1001 1479 1041 namque
1517 987 1583 1026 est
1619 983 1734 1025 filius
1766 983 1911 1036 Atiae,
1951 996 2057 1036 quae

360 1064 463 1103 nata
501 1065 567 1102 est
603 1061 652 1102 de
688 1061 817 1114 Iulia,
856 1074 1001 1101 sorore
1041 1058 1256 1111 Caesaris,
1300 1057 1434 1099 Iulius
1480 1057 1623 1098 autem
1668 1053 1825 1096 Caesar
1868 1052 1921 1093 ab
1964 1051 2057 1092 Iulo

361 1133 530 1174 Aeneae
569 1132 780 1185 originem
821 1130 954 1184 ducit,
992 1133 1040 1171 ut
1077 1129 1301 1171 confirmat
1339 1129 1430 1182 ipse
1462 1126 1678 1182 Vergilius
1712 1139 1736 1165 a
1767 1136 1944 1177 magno
1977 1122 2058 1163 de—

361 1203 566 1244 missum
599 1216 778 1243 nomen
809 1201 932 1242 Iulo.
983 1201 1034 1242 de
1059 1213 1234 1241 numero
1261 1199 1472 1239 librorum
1503 1196 1624 1238 nulla
1654 1195 1723 1236 hic
1755 1194 1948 1249 quaestio
1982 1195 2060 1247 est,

364 1274 466 1315 licet
497 1274 540 1314 in
572 1273 666 1314 aliis
699 1272 943 1313 inveniatur
977 1270 1243 1323 auctoribus3
1282 1283 1378 1310 nam
1412 1268 1615 1309 Plautum
1647 1265 1721 1307 alii
1753 1265 1899 1305 dicunt
1931 1277 2058 1305 unam

365 1346 406 1384 et
443 1343 598 1398 viginti
634 1343 805 1383 fabulas
848 1340 1092 1394 scripsisse,
1137 1340 1212 1381 alii
1253 1338 1555 1393 quadraginta,
1599 1335 1674 1377 alii
1712 1337 1894 1376 centum.
1957 1333 2058 1374 ordo

366 1428 531 1468 quoque
564 1412 815 1454 manifestus
850 1414 931 1465 est,
964 1411 1065 1452 licet
1097 1410 1269 1464 quidam
1303 1408 1512 1462 superflue
1538 1406 1683 1447 dicant
1715 1404 1944 1466 secundum
1976 1403 2061 1457 pri-

364 1499 480 1524 mum
513 1498 620 1537 esse,
653 1483 829 1524 tertium
863 1481 1110 1534 secundum,
1144 1483 1186 1521 et
1216 1479 1403 1532 primum
1434 1477 1628 1531 tertium,
1659 1475 1753 1517 ideo
1787 1474 1887 1529 quia
1918 1474 2056 1528 primo

363 1555 490 1595 Ilium
523 1553 726 1607 concidit,
758 1556 857 1606 post
883 1551 1043 1592 erravit
1069 1549 1254 1602 Aeneas,
1286 1548 1383 1589 inde
1410 1547 1462 1588 ad
1488 1546 1667 1588 Didonis
1694 1558 1828 1600 regna
1852 1543 2060 1598 pervenit,

364 1625 601 1666 nescientes
640 1623 751 1664 hanc
791 1637 881 1664 esse
914 1624 1051 1663 artem
1082 1619 1315 1674 poeticam,
1356 1620 1403 1659 ut
1441 1632 1466 1658 a
1503 1616 1652 1658 mediis
1693 1615 1946 1669 incipientes
1986 1628 2061 1668 per

459 1768 478 1797 2
506 1762 707 1807 Iuvenalis]
736 1762 839 1796 sat.I
866 1765 885 1795 2
917 1762 929 1805 ΙΙ
962 1764 1004 1795 12
1032 1760 1146 1794 Iulius
1172 1760 1297 1794 autem
1319 1785 1326 1791 .
1354 1785 1360 1792 .
1390 1784 1396 1791 .
1422 1767 1557 1792 nomen
1591 1755 1687 1801 Iulo]
1722 1765 1834 1789 exscr.
1862 1753 1948 1789 Isid.
1969 1753 2060 1797 orig.

366 1811 415 1845 IX
442 1815 474 1854 3,
497 1814 538 1843 13
559 1810 570 1855 {l
599 1813 639 1843 13
666 1809 868 1853 Vergilius]
896 1809 937 1843 A.
966 1810 981 1842 Ι
1006 1810 1074 1841 288
1501 1814 1520 1825 ‘

365 1941 407 1974 in
427 1940 530 1974 libris
549 1938 817 1981 recentioribus,
839 1938 950 1971 veluti
968 1937 1166 1971 Dresdensi
1185 1936 1248 1969 1106
1266 1935 1368 1969 modo
1386 1932 1502 1968 Periit
1521 1933 1645 1967 autem
1665 1930 1827 1974 Tarenti,
1846 1930 1885 1965 111
1905 1929 2061 1975 Apuliae

367 1987 531 2021 ciuitate.
582 1997 667 2019 nam
702 1985 789 2018 dum
820 1985 1077 2028 Metapontum
1110 1982 1212 2026 cupit
1247 1982 1394 2023 uidere,
1432 1979 1684 2014 ualetudinem
1721 1989 1765 2012 ex
1803 1978 1891 2012 solis
1931 1977 2060 2011 ardore

367 2033 559 2068 contraxit.
610 2032 776 2076 sepultus
810 2033 866 2065 est
898 2032 1023 2065 autem
1048 2029 1221 2073 Neapoli:
1257 2028 1295 2062 in
1327 2027 1428 2062 cuius
1460 2027 1603 2061 tumulo
1636 2026 1682 2060 ab
1708 2024 1790 2069 ipso
1817 2024 2062 2069 compositum

366 2082 421 2116 est
444 2081 521 2115 tale
548 2079 748 2113 distichon:
774 2078 927 2112 Mantua
952 2088 1010 2111 me
1036 2077 1180 2121 genuit,
1208 2075 1355 2109 Calabri
1379 2084 1554 2118 rapuere,
1580 2074 1682 2107 tenet
1701 2082 1796 2106 nunc
1815 2071 2060 2114 Parthenope.

367 2128 484 2163 cecini
509 2137 645 2171 pascua
670 2137 755 2159 rura
779 2126 899 2160 duces.
920 2126 932 2169 ΙΙ
954 2129 970 2158 1
995 2124 1139 2157 Titulus
1165 2122 1336 2157 carminis
1364 2123 1419 2156 est
1438 2121 1572 2155 Aeneis
1597 2147 1603 2153 .
1627 2147 1633 2153 .
1655 2148 1662 2154 .
1690 2120 1836 2153 constat
1862 2129 1938 2153 esse
1965 2128 2061 2152 com-

366 2175 529 2219 positum
554 2174 657 2208 habet
679 2173 714 2206 P
736 2174 747 2216 ΙΙ
774 2174 830 2206 est
855 2183 919 2206 om.
940 2171 975 2205 B
995 2172 1006 2214 ΙΙ
1032 2170 1194 2205 aeneidis
1223 2169 1278 2212 011
1305 2168 1542 2203 diriuatiuum
1564 2166 1646 2200 LH
1662 2167 1674 2211 ΙΙ
1694 2166 1739 2200 ab
1759 2165 1902 2210 Aenea]
1929 2164 2062 2207 aQae-

366 2233 436 2256 nea
463 2222 495 2255 G
519 2222 531 2264 ll
560 2226 578 2254 2
606 2220 656 2254 sic
683 2231 747 2253 om.
777 2220 806 2253 C
827 2221 839 2263 ΙΙ
867 2218 984 2263 rauci]
1012 2229 1076 2251 rau
1103 2218 1135 2251 G
1174 2218 1238 2251 aut
1264 2216 1315 2258 L,
1341 2216 1401 2250 sed
1426 2215 1545 2249 eadem
1570 2224 1699 2248 manus
1724 2212 1826 2247 rauci
1850 2223 2025 2256 superscr.
2051 2211 2063 2256 Η

368 2274 388 2302 3
413 2270 455 2302 ut
480 2270 582 2302 actus
612 2267 643 2300 B
662 2268 674 2311 ΙΙ
702 2271 721 2300 5
750 2277 831 2300 cum
858 2266 968 2310 fictis]
997 2264 1161 2299 confictis
1187 2264 1220 2297 L
1238 2264 1250 2308 11
1276 2268 1295 2297 6
1322 2273 1476 2297 aeneam
1503 2261 1571 2295 CL
1608 2270 1747 2295 aenean
1772 2260 1912 2303 reliqui.
1962 2260 2064 2293 semel

367 2326 488 2349 morico
515 2315 685 2349 librarios
710 2314 751 2347 in
775 2314 841 2347 hac
865 2314 985 2355 forma
1009 2312 1200 2346 scribenda
1218 2321 1356 2354 parum
1374 2310 1445 2343 sibi
1468 2309 1674 2349 constitisse,
1702 2310 1732 2341 ct
1750 2306 1911 2340 Aeneam
1932 2307 2062 2350 ubique

367 2374 419 2396 me
443 2363 665 2405 scripturum
690 2371 760 2394 esse
785 2360 959 2394 librorum
984 2359 1194 2393 testimoniis
1219 2368 1293 2391 ‘nori
1319 2357 1464 2391 additis.
1485 2356 1536 2400 118
1563 2354 1799 2399 grandilocus
1823 2353 1896 2387 GL
1915 2354 1927 2397 ΙΙ
1947 2358 1965 2387 9
1994 2352 2061 2386 361-

368 2421 448 2443 mus
469 2408 567 2442 enim
587 2420 612 2442 e.
634 2419 664 2451 Q·
684 2407 727 2452 s.]
756 2406 829 2440 tria
848 2417 984 2451 genera
1004 2405 1149 2439 dicendi
1169 2405 1252 2439 sunt
1271 2414 1364 2447 quae
1385 2402 1445 2437 hic
1465 2402 1714 2443 continentur,
1740 2399 1879 2434 humile
1899 2399 2062 2433 medium

368 2456 667 2500 grandiloquum.
707 2455 744 2488 et
769 2455 860 2488 haec
880 2465 938 2488 ars
958 2453 996 2486 in
1016 2452 1165 2486 laud'em
1186 2450 1344 2495 Augusti
1369 2449 1469 2494 facta
1493 2452 1565 2492 est,
1592 2448 1771 2491 incipiens
1797 2458 1819 2481 a
1843 2445 2063 2491 genealogia

368 2503 477 2536 illius.
523 2501 609 2535 ordo
637 2502 761 2535 autem
786 2500 1003 2534 manifestus
1031 2501 1103 2542 est,
1129 2498 1218 2532 licet
1243 2497 1393 2541 quidam
1420 2496 1547 2530 dicunt
1572 2494 1771 2529 secundum
1796 2493 1957 2537 primum
1983 2503 2061 2527 esse

371 2577 377 2583 .
400 2577 406 2583 .
428 2578 435 2584 .
462 2551 609 2592 tempus
631 2547 790 2581 omittat.
829 2547 944 2580 tribus
965 2546 1083 2580 modis
1105 2545 1222 2579 onmis
1244 2543 1444 2578 auctoritas
1471 2541 1617 2587 poetica
1644 2541 1804 2583 constat,
1832 2539 2061 2584 praefatione

368 2596 602 2630 inuocatione
628 2594 855 2636 narratione,
887 2594 989 2627 uelut
1022 2593 1082 2626 hic
1107 2592 1290 2626 habentur
1322 2590 1502 2635 praefatio
1537 2589 1662 2623 ‘arma
1686 2587 1843 2630 uirum’,
1874 2585 2062 2620 inuocatio

371 2644 492 2677 ‘musa
517 2641 636 2684 mihi’,
663 2640 824 2674 narratio
854 2640 955 2674 ‘urbs
976 2639 1128 2682 antiqua
1146 2638 1245 2672 fuit'.
1270 2638 1305 2671 P
1321 2639 1332 2681 ΙΙ
1353 2648 1429 2672 esse
1457 2648 1522 2671 om.
1545 2636 1574 2670 C
1590 2636 1602 2680 ΙΙ
1621 2635 1759 2669 humile
1786 2645 1828 2668 ea:
1854 2633 1985 2667 humili
2006 2632 2063 2677 01}

372 2694 413 2723 10
440 2689 617 2733 medium]
645 2688 683 2721 id
704 2688 736 2721 G
755 2688 767 2731 ΙΙ
786 2687 1057 2731 grandiloqium
1078 2686 1113 2719 B
1154 2685 1414 2729 grandiloqum
1436 2683 1466 2718 G
1481 2684 1493 2727 11
1508 2687 1590 2727 post
1615 2681 1772 2716 intentio
1798 2681 1892 2715 (litae
1916 2681 1969 2714 vel
1994 2683 2063 2713 tres

370 2738 509 2771 litterae
534 2746 655 2770 erasae
680 2738 764 2768 sam
789 2736 830 2768 in
858 2733 887 2767 O
910 2735 922 2778 Η
956 2738 996 2767 11
1025 2732 1131 2767 Atiae
1160 2732 1204 2766 0:
1233 2731 1330 2765 atiae
1356 2731 1409 2772 B,
1433 2731 1494 2764 scd
1518 2731 1613 2764 irater
1638 2740 1659 2763 a
1685 2732 1716 2763 et
1740 2729 1757 2761 t
1782 2739 1800 2761 c
1825 2728 1879 2761 rel
1904 2726 1922 2759 s
1940 2737 2062 2770 super-

1367 2797 1383 2814 c

369 2832 517 2874 scripta,
538 2829 652 2863 satiae
674 2828 813 2871 GLH,
839 2827 913 2861 nisi
933 2826 1027 2870 quod
1046 2825 1063 2858 s
1078 2835 1182 2859 erasa
1207 2825 1247 2858 in
1268 2824 1319 2865 H,
1356 2823 1454 2858 atiae
1477 2823 1599 2857 Paris.
1637 2821 1756 2856 aetiae
1779 2821 1827 2854 M
1861 2819 1981 2854 actiae
2001 2820 2040 2853 E
2053 2820 2062 2865 Η

370 2889 462 2921 (mae
482 2877 585 2921 nata]
607 2875 669 2919 qui
688 2876 796 2909 natus
819 2873 862 2916 C,
886 2875 946 2907 sed
966 2872 1028 2916 qui
1047 2875 1222 2906 inritatum
1244 2872 1284 2904 in
1304 2881 1373 2914 que
1395 2874 1426 2904 et
1445 2882 1487 2904 us
1507 2871 1644 2904 litterae
1663 2879 1786 2902 erasae
1804 2868 1816 2911 ΙΙ
1837 2871 1878 2900 13
1899 2866 2062 2910 Aeneae]

371 2935 506 2958 aeneae
543 2923 617 2957 filio
642 2923 736 2965 BG,
774 2922 834 2956 secl
871 2920 946 2954 filio
978 2920 1022 2953 ab
1056 2919 1132 2952 alia
1162 2929 1274 2951 manu
1305 2918 1469 2951 (nlilitum
1507 2917 1649 2950 videtur
1684 2915 1725 2948 in
1757 2914 1790 2948 G
1828 2915 1865 2947 et
1896 2924 2010 2947 aenea
2037 2912 2067 2946 O

372 2971 521 3015 enees'sssjs
547 2970 590 3003 H
612 2971 719 3011 (duae
738 2970 877 3003 litterae
896 2978 1018 3001 erasae
1037 2969 1134 3007 sunt)
1154 2966 1166 3008 ΙΙ
1185 2964 1365 3007 originem
1391 2975 1456 2998 om.
1478 2963 1521 2997 H
1535 2964 1547 3007 ΙΙ
1568 2966 1610 2996 14
1637 2961 1826 2995 dimissum
1846 2959 2069 2994 BParis.H

372 3018 524 3051 missum
551 3017 590 3049 Ε
606 3018 618 3060 Η
640 3020 680 3050 15
708 3014 843 3060 uiginti
869 3015 906 3048 et
929 3024 1040 3047 unam
1066 3012 1211 3045 fabulas
1231 3012 1266 3044 B
1281 3010 1504 3044 ParisGM
1540 3008 1675 3053 uiginti
1701 3009 1738 3042 et
1763 3018 1873 3041 unam
1898 3007 2064 3040 fabulam

372 3064 498 3097 IAM«)
535 3063 679 3097 fabulas
706 3062 891 3106 scripsisse
911 3060 995 3094 XXI
1018 3059 1048 3094 (J
1063 3060 1074 3103 ΙΙ
1096 3063 1136 3092 17
1158 3057 1395 3092 manifestum
1414 3058 1447 3090 L
1473 3058 1577 3101 (corr.
1598 3057 1624 3099 Ζ)
1643 3056 1655 3099 ΙΙ
1677 3059 1717 3089 18
1744 3053 1877 3098 primo]
1904 3053 2063 3097 primum

372 3111 404 3144 L
423 3111 435 3154 ΙΙ
458 3115 497 3144 19
525 3109 690 3144 condidit
715 3110 747 3143 G
787 3108 920 3143 cecidit
945 3107 983 3140 E
1020 3105 1195 3151 (concidit
1220 3107 1249 3149 c)
1269 3106 1280 3148 ΙΙ
1300 3106 1429 3148 postea
1454 3104 1488 3137 R
1508 3104 1519 3146 ΙΙ
1539 3102 1676 3136 eraruit
1702 3101 1733 3135 G
1752 3102 1764 3145 ΙΙ
1783 3104 1827 3134 20
1856 3102 1933 3134 arte
1960 3100 2005 3133 Η
