2204 3437
394 160 542 195 LXXIV
1095 161 1378 197 PRAEFATIO.

396 269 537 322 quarti
570 269 802 311 voluminis
835 268 1099 323 praefatione
1132 286 1171 325 p.
1204 270 1299 311 XLI
1333 286 1423 325 sqq.
1458 270 1708 325 plenissime
1741 271 1998 326 disputavit,
2028 273 2090 314 ni-

393 338 457 380 hil
491 339 584 381 dico
617 340 699 381 nisi
734 340 844 381 inter
877 341 1231 382 commentarium
1271 342 1315 382 in
1349 343 1484 383 artem
1517 339 1679 382 Donati
1719 356 1743 382 a
1781 341 1924 383 Keilio
1957 342 2020 384 IV
2051 358 2090 397 p.

394 409 627 453 405—448
663 411 824 452 editum
858 413 900 452 et
932 412 1067 453 multa
1099 411 1339 467 Vergiliani
1384 412 1682 454 commentarii
1721 412 1886 454 scholia
1923 416 2090 455 tantam

395 495 486 522 esse
521 481 864 536 similitudinem,
906 484 954 523 ut
985 483 1038 524 ab
1072 483 1221 525 eodem
1265 483 1440 525 homine
1495 484 1722 537 utrumque
1760 483 1921 525 librum
1959 484 2089 539 scrip-

394 554 487 593 tum
521 567 613 593 esse
647 555 808 593 certum
845 552 910 594 sit.
968 553 1018 594 cf.
1052 556 1276 595 comment.
1310 554 1353 595 in
1387 556 1464 595 art.
1498 552 1605 595 Don.
1638 569 1677 607 p.
1710 554 1808 609 405,
1840 555 1866 595 2
1900 557 1942 596 et
1974 553 2089 597 Serv.

395 623 445 664 ad
479 624 584 664 Aen.
616 623 656 664 V
698 623 798 678 705,
838 639 876 677 p.
909 624 1006 676 406,
1042 626 1061 665 1
1099 627 1140 666 ct
1174 626 1277 665 Aen.
1308 624 1410 678 XII,
1443 625 1546 679 486,
1584 640 1623 678 Ρ.
1655 625 1759 679 407,
1799 626 1825 666 5
1864 628 1907 667 et
1944 639 2090 681 georg.

394 693 435 734 II
471 695 574 748 169,
606 710 644 748 p.
676 695 774 745 407,
808 694 863 736 30
897 697 938 736 et
970 695 1076 737 Aen.
1108 695 1127 736 I
1160 696 1234 749 96,
1268 711 1306 750 Ρ.
1340 696 1444 749 407,
1477 696 1532 736 34
1567 698 1609 737 et
1640 695 1744 737 Aen.
1777 695 1882 737 VIII
1917 697 2017 751 127,
2050 712 2089 750 Ρ.

395 765 494 819 409,
530 766 583 807 10
616 767 658 806 et
691 764 794 807 Aen.
821 764 926 806 VIII
955 767 1026 820 77,
1060 781 1099 820 Ρ.
1132 767 1230 821 409,
1251 767 1308 808 20
1340 769 1382 807 et
1414 766 1518 807 Aen.
1539 765 1581 806 II
1602 766 1699 821 610,
1731 766 1770 807 X
1797 766 1899 821 590,
1932 783 1970 821 Ρ.
1992 768 2089 822 411,

400 837 419 876 1
456 838 499 877 et
529 835 635 877 Aen.
668 836 687 876 I
727 837 801 890 95,
833 852 871 890 p.
904 837 1003 891 411,
1036 837 1092 878 20
1125 840 1166 878 et
1198 836 1303 878 Aen.
1335 837 1354 878 I
1388 838 1485 891 318,
1518 836 1556 878 X
1584 837 1681 891 235,
1714 836 1795 877 XII
1822 837 1896 891 973
1929 853 1969 892 p.
1991 838 2092 892 412,

395 908 451 947 20
485 909 528 948 et
560 906 665 949 Aen.
698 907 718 947 I
753 908 847 961 713,
882 907 974 948 buc.
1007 907 1112 948 VIII
1148 909 1219 961 71,
1251 924 1291 962 p.
1313 909 1409 961 414,
1437 908 1491 949 33
1527 910 1568 949 et
1600 907 1705 948 Aen.
1725 907 1765 948 V
1798 908 1900 961 310,
1932 923 1972 963 p.
1992 909 2090 963 416,

400 978 419 1017 1
457 979 499 1018 et
525 977 630 1019 Aen.
664 977 683 1017 I
716 979 759 1031 2,
793 992 831 1031 p.
864 978 961 1032 416,
994 978 1019 1019 9
1054 981 1095 1019 et
1129 978 1232 1021 Aen.
1265 978 1283 1018 I
1317 979 1413 1031 346,
1446 979 1548 1033 224,
1582 978 1643 1020 IV
1675 995 1714 1033 p.
1735 980 1839 1033 416,
1872 979 1928 1020 22
1961 977 2030 1034 (cf.
2050 995 2089 1033 p.

395 1049 493 1102 428,
530 1047 602 1103 18)
636 1052 678 1089 et
709 1048 814 1089 Aen.
846 1048 907 1089 IV
942 1049 1044 1103 341,
1077 1048 1116 1090 V
1152 1049 1224 1103 19,
1256 1064 1295 1103 Ρ.
1327 1049 1425 1102 417,
1452 1050 1506 1090 23
1541 1052 1583 1090 et
1609 1048 1714 1090 Aen.
1739 1049 1759 1089 I
1794 1049 1896 1104 121,
1928 1064 1966 1103 Ρ.
1992 1050 2090 1103 417,

395 1119 450 1160 35
484 1121 525 1160 et
565 1119 667 1160 Aen.
705 1119 768 1159 III
803 1120 875 1173 14,
909 1118 1014 1160 VIII
1048 1119 1149 1173 195,
1189 1135 1228 1173 p.
1260 1120 1364 1173 418,
1400 1121 1420 1160 1
1463 1123 1506 1161 et
1548 1119 1652 1161 Aen.
1684 1119 1704 1160 I
1736 1120 1781 1171 4,
1814 1121 1888 1175 26,
1920 1136 1958 1175 Ρ.
1991 1121 2089 1176 418,

398 1191 452 1231 33
487 1192 529 1230 et
562 1190 666 1231 Aen.
699 1190 761 1230 III
794 1191 896 1243 427,
930 1203 1074 1244 georg.
1106 1189 1169 1229 III
1201 1190 1275 1243 55,
1308 1206 1346 1244 Ρ.
1374 1191 1472 1245 419,
1499 1190 1525 1232 5
1559 1193 1600 1232 et
1633 1190 1737 1233 Aen.
1770 1190 1790 1231 I
1822 1192 1897 1245 24,
1928 1207 1969 1246 Ρ.
1991 1192 2089 1246 419,

399 1262 451 1301 16
485 1263 527 1301 et
558 1260 662 1302 Aen.
695 1260 778 1301 VII
811 1261 907 1314 289,
939 1260 1000 1300 XI
1033 1261 1137 1314 262,
1169 1261 1276 1314 419,
1309 1262 1364 1302 30
1398 1264 1440 1302 et
1473 1261 1578 1302 Aen.
1610 1261 1631 1301 I
1666 1262 1747 1303 176
1788 1259 1857 1317 (cf.
1896 1261 2091 1316 Pompeii

397 1334 621 1372 comment.
654 1347 694 1385 p.
715 1332 812 1385 275,
838 1329 927 1386 11),
958 1347 997 1385 p.
1018 1332 1123 1385 420,
1148 1332 1200 1372 12
1234 1334 1275 1372 et
1295 1331 1438 1372 Aen.I
1474 1332 1574 1386 750,
1606 1347 1646 1386 Ρ.
1678 1333 1786 1385 425,
1828 1333 1880 1373 14
1913 1335 1955 1373 et
1986 1332 2093 1374 Aen.

393 1402 435 1442 II
471 1403 538 1443 16.
585 1403 716 1444 etiam
749 1402 921 1457 longius
954 1402 1154 1457 prosequi
1185 1402 1294 1444 hanc
1328 1403 1653 1444 similitudinem
1679 1417 1766 1444 non
1792 1402 1960 1444 videtur
1986 1417 2091 1457 opus

394 1488 506 1528 esse,
537 1474 790 1528 praesertim
823 1489 918 1515 cum
952 1473 1210 1515 Thomasius
1245 1472 1375 1528 (essai
1407 1489 1446 1528 p.
1481 1475 1567 1515 212
1591 1472 1668 1530 sq.)
1697 1474 1800 1515 satis
1833 1474 1970 1515 multa
2002 1474 2091 1516 eius

399 1545 593 1599 exempla
627 1544 862 1599 collegerit.

515 1615 677 1657 Studiis
710 1616 753 1657 in
773 1615 1124 1670 Vergilianorum
1158 1615 1396 1657 carminum
1428 1615 1785 1671 interpretatione
1817 1615 1970 1669 positis
1999 1614 2092 1657 Ser-

398 1686 490 1728 vius
525 1689 566 1727 et
599 1687 711 1741 apud
744 1687 941 1741 aequales
975 1700 1074 1728 suos
1107 1689 1149 1727 et
1182 1686 1293 1740 apud
1324 1688 1520 1740 posteros
1556 1686 1756 1728 eximiam
1790 1687 2091 1728 auctoritatem

397 1760 648 1799 consecutus
682 1760 759 1816 est.
816 1757 940 1799 testis
969 1759 1033 1798 est
1052 1756 1298 1798 Macrobius
1333 1757 1404 1811 qui
1435 1757 1671 1799 doctrinam
1706 1757 1980 1812 grammatici
2006 1773 2091 1800 non

395 1844 478 1869 11110
512 1827 856 1870 Saturnaliorum
894 1829 988 1870 1000
1030 1843 1125 1870 011111
1165 1828 1351 1870 maxima
1395 1828 1677 1870 admiratione
1710 1828 1921 1883 laudavit,
1958 1831 2092 1870 testes

396 1903 495 1941 sunt
526 1899 738 1941 inferioris
773 1900 926 1942 aetatis
960 1897 1191 1953 scriptores
1220 1914 1325 1953 quos
1353 1914 1374 1939 e
1401 1900 1719 1941 commentariis
1754 1900 1844 1941 eius
1877 1899 2016 1940 multa
2047 1900 2092 1940 in

396 1985 518 2011 suum
551 1986 672 2012 usum
707 1971 967 2012 convertisse
1000 1970 1178 2011 ostendi.
1230 1971 1339 2022 quod
1366 1972 1508 2011 autem
1536 1970 1774 2012 doctissimi
1808 1970 1981 2025 quidam
2008 1970 2091 2011 viri

396 2043 469 2082 aut
507 2040 772 2082 Macrobium
812 2041 861 2081 de
903 2040 1039 2082 Servii
1082 2041 1277 2082 doctrina
1316 2041 1606 2082 adsentatorie
1645 2041 1782 2096 magis
1823 2056 1951 2096 quam
1993 2055 2091 2082 vere

396 2112 604 2153 iudicasse
639 2115 712 2153 aut
743 2112 965 2166 vulgatum
986 2112 1340 2153 commentarium
1359 2112 1467 2153 nihil
1499 2112 1582 2153 nisi
1615 2112 1724 2154 exile
1758 2110 1953 2153 Serviani
1979 2126 2088 2152 sum-

396 2183 579 2224 marium
612 2198 704 2224 esse
738 2186 1009 2237 censuerunt,
1047 2183 1147 2224 nolo
1181 2183 1242 2224 ita
1274 2198 1477 2224 excusare
1509 2182 1792 2237 Macrobium,
1832 2186 1878 2225 ut
1911 2196 2091 2238 exagge-

395 2254 529 2295 randa
562 2253 698 2295 Servii
731 2255 889 2296 virtute
923 2269 1018 2295 eum
1051 2256 1125 2295 aut
1157 2254 1416 2295 urbanitatis
1449 2254 1618 2295 laudem
1658 2257 1850 2309 captasse
1890 2256 1964 2295 aut
2003 2268 2089 2294 ser-

396 2325 595 2366 monibus
629 2341 653 2366 a
685 2340 728 2366 se
769 2326 973 2379 expositis
1014 2325 1109 2379 plus
1151 2325 1390 2379 splendoris
1434 2326 1585 2367 addere
1619 2326 1804 2368 voluisse
1847 2325 2003 2379 dicam,
2045 2339 2091 2366 ae

398 2411 449 2437 ne
482 2396 584 2437 illud
620 2396 789 2450 quidem
823 2411 1110 2438 commemoro
1140 2396 1251 2450 quod
1279 2411 1407 2450 supra
1435 2397 1657 2438 ostendere
1691 2399 1870 2439 conatus
1904 2411 2010 2449 sum,
2037 2396 2090 2437 ab

396 2467 569 2509 homine
611 2467 654 2508 in
699 2467 957 2509 scholastica
999 2458 1238 2509 eruditione
1282 2470 1451 2509 versato
1497 2469 1539 2509 in
1585 2468 1922 2509 adulescentium
1967 2481 2091 2508 usum

397 2538 639 2580 breviorem
673 2538 1026 2579 commentarium
1060 2539 1265 2592 scriptum
1301 2553 1411 2592 0330,
1451 2538 1563 2592 quod
1602 2539 1636 2579 si
1679 2539 1774 2593 quis
1813 2553 1959 2579 verum
2000 2552 2093 2578 esse

399 2609 657 2650 concesserit
688 2609 723 2649 is
757 2623 842 2649 non
875 2608 1050 2662 negabit
1082 2609 1172 2649 fieri
1206 2609 1415 2663 potuisse,
1447 2611 1495 2650 ut
1523 2608 1691 2650 Servius
1725 2608 1860 2650 multa
1892 2622 1999 2662 quae
2032 2607 2092 2648 eis

399 2695 579 2734 quorum
614 2679 847 2721 utilitatem
869 2679 1053 2720 maxime
1074 2682 1287 2733 spectaret
1312 2695 1460 2733 parum
1493 2680 1694 2734 prodesse
1727 2680 1971 2721 viderentur
1996 2692 2091 2719 con-

403 2751 516 2791 sulto
551 2749 778 2790 omitteret.
835 2765 932 2790 nam
954 2750 1131 2790 multum
1169 2750 1291 2790 abest
1323 2752 1369 2791 ut
1399 2750 1642 2791 reconditae
1675 2750 1893 2791 doctrinae
1925 2748 2092 2789 laudem

402 2821 548 2863 Servio
582 2821 796 2862 vindicare
829 2820 969 2860 velim.
1027 2820 1097 2861 sed
1133 2820 1168 2860 si
1201 2820 1327 2862 modo
1362 2834 1510 2862 causas
1536 2820 1834 2875 neglegentiae
1867 2819 1982 2860 illius
2011 2834 2092 2873 qua

399 2892 448 2932 de
483 2892 561 2932 fide
590 2891 995 2933 commentariorum
1016 2889 1181 2930 detrahi
1214 2890 1318 2943 dixi,
1353 2894 1466 2931 recte
1489 2890 1716 2944 explicavi,
1749 2905 1843 2931 cum
1877 2904 1898 2930 e
1931 2903 2090 2930 memo-

401 2963 460 3003 ria
496 2963 748 3016 plerumque
782 2960 953 3003 Servius
988 2960 1225 3014 scripserit,
1266 2960 1355 3001 fieri
1388 2976 1472 3002 11011
1505 2962 1649 3014 potest
1682 2961 1783 3014 quin
1818 2960 2090 3000 multarum

400 3048 540 3073 10111111
575 3036 702 3087 atque
737 3032 892 3073 artium
934 3031 1277 3084 compendiosam
1316 3031 1436 3071 illam
1476 3031 1644 3085 quidem
1686 3044 1822 3084 neque
1861 3030 1964 3071 satis
2004 3044 2090 3070 001-

402 3106 508 3157 tam,
541 3103 611 3143 sed
644 3106 888 3157 promptam
923 3103 1141 3144 scientiam
1176 3101 1213 3142 ei
1251 3101 1509 3154 tribuamus,
1549 3116 1675 3155 quam
1710 3102 1850 3142 aetate
1883 3100 1975 3155 illa,
2009 3115 2092 3155 qua
