2204 3437
415 156 497 197 162
1177 149 1338 184 SERVII

412 276 491 305 RIA
524 275 671 305 OMNIA
704 273 841 303 VECTI
881 274 956 314 per
994 259 1142 300 maria.
1206 260 1247 300 et
1280 260 1344 299 est
1376 259 1524 298 contra
1560 255 1690 309 illud,
1726 254 1831 295 sicut
1861 254 2013 295 dictum
2043 255 2111 305 est,

413 349 486 376 cur
518 335 570 376 ad
604 334 795 375 Africam
827 331 1033 373 venerint.

531 405 629 446 526.
678 414 825 444 PARCE
868 412 942 442 1²10
985 412 1154 443 GENERI
1198 399 1395 454 quotiens
1442 397 1677 438 invidiosae
1723 396 1821 436 sunt
1865 395 2112 448 praesentes

413 490 637 530 personae,
680 473 942 515 rhetoricum
982 474 1047 513 est
1079 471 1131 512 ad
1164 471 1269 512 alias
1303 468 1550 522 confugere,
1587 469 1636 508 ut
1673 465 1755 506 hoc
1792 465 1886 505 loco
1919 462 2115 517 confugit

368 556 387 585 5
416 547 467 587 ad
500 559 644 600 genus.
764 555 822 584 ET
856 553 1050 584 PROPIVS
1083 541 1264 583 vicinius
1304 539 1486 592 scilicet,
1524 539 1572 578 ut
1608 538 1828 590 tamquam
1866 533 1970 575 victi
2008 533 2114 574 acci-

413 617 603 671 piantur,
645 630 731 657 non
774 614 884 655 tales
926 626 1061 655 omnes
1101 612 1335 664 credemur,
1380 609 1518 664 qualis
1556 607 1680 649 Paris
1725 605 1807 647 fuit
1851 606 1893 646 in
1935 604 2115 659 Spartae

415 686 728 741 expugnatione
760 687 971 739 raptuque
1002 682 1208 724 Helenae.
1270 694 1370 722 nam
1408 678 1616 720 historiae
1655 678 1736 718 hoc
1773 676 1906 718 habet
1944 675 2117 728 veritas,

413 773 500 800 non
538 758 760 799 voluntate
798 754 1013 796 Helenam
1058 755 1266 806 secutam,
1311 751 1383 792 sed
1429 751 1673 804 expugnata
1716 750 1886 802 raptam
1931 746 2118 799 civitate,

415 829 526 871 unde
559 831 601 870 et
632 828 764 881 recipi
796 825 953 867 meruit
986 840 1010 866 a
1042 824 1210 865 marito.
1272 821 1414 876 tangit
1446 823 1590 862 autem
1628 820 1709 861 hoc
1747 819 1933 860 latenter
1968 815 2116 869 Vergi-

348 910 390 940 10
416 901 500 941 lius
520 900 595 941 illo
616 899 708 940 loco
736 912 809 939 me
836 896 957 937 duce
978 893 1271 936 Dardanius
1294 892 1529 946 Spartam
1557 889 1876 944 expugnavit
1903 887 2118 928 adulter.

416 985 506 1024 cryc
538 971 632 1011 benc
661 982 744 1010 non
773 981 865 1018 nos,
897 967 966 1007 sed
994 979 1058 1007 res
1088 968 1252 1006 nostras
1284 964 1399 1005 dixit.

535 1041 632 1083 527.
682 1049 920 1082 POPVLARE
953 1034 1051 1089 q'm'a
1082 1036 1194 1089 apud
1223 1038 1368 1076 veteres
1398 1034 1493 1074 11000
1524 1036 1611 1074 crat
1641 1033 1819 1073 mcmtc'me
1845 1044 1970 1072 causa
2000 1029 2114 1071 navi-

413 1113 554 1166 ycmde'.
603 1125 700 1154 sane
732 1109 898 1164 antiqui
931 1110 973 1149 et
1004 1107 1165 1162 populo
1200 1109 1242 1147 et
1274 1105 1455 1159 populor
1486 1103 1702 1157 dicebant,
1734 1102 1844 1144 unde
1878 1104 1943 1143 est
1975 1100 2120 1155 epopu-

419 1183 524 1225 lare’
552 1186 594 1225 et
620 1181 936 1237 populatque
970 1179 1231 1233 ingentem
1264 1175 1419 1217 farris
1453 1188 1686 1216 acervum
1719 1173 1959 1214 curculio.
1999 1184 2121 1211 ’1111110

354 1264 394 1293 15
421 1258 567 1296 tamen
600 1253 772 1307 passiva
809 1251 980 1291 tantum
1018 1248 1179 1289 utimur
1217 1245 1515 1288 declinatione.
1577 1245 1745 1297 quidam
1778 1242 2012 1297 ‘populare’
2049 1255 2124 1295 pro

421 1326 478 1367 acl
499 1323 785 1379 populandum
815 1321 873 1362 scel
897 1334 976 1373 pro
1001 1319 1246 1373 populatmn
1272 1317 1487 1370 acccffl’mzt.
1610 1332 1782 1357 VERTERE
1804 1328 1882 1367 pro
1909 1314 2123 1354 advertere.

542 1395 640 1437 529.
690 1405 785 1435 NON
807 1404 867 1433 ΕΑ
887 1403 958 1433 VIS
980 1402 1127 1432 AN1MO
1161 1390 1462 1443 argumentum
1495 1387 1547 1428 ab
1575 1385 1820 1440 inpossibili
1844 1386 1950 1427 sicut
1974 1385 2121 1425 (lictum

423 1471 496 1521 est,
536 1469 583 1508 ut
617 1464 734 1520 quid
766 1463 920 1504 Troes
959 1460 1203 1515 potuere?
1237 1458 1343 1500 ‘vis'
1378 1461 1521 1499 autem
1555 1460 1619 1498 est
1650 1456 1931 1510 possibilitas.
2051 1471 2128 1497 Nox

426 1556 472 1579 EA
510 1554 566 1578 ms
590 1537 729 1586 mmo]
765 1535 809 1576 sal
838 1537 911 1583 est,
943 1546 1013 1574 nec
1043 1532 1229 1573 volumus
1259 1544 1329 1571 nec
1352 1542 1583 1583 possumus.

354 1618 398 1648 20
543 1607 641 1648 530.
691 1617 774 1647 EST
802 1614 948 1646 LOCVS
982 1602 1284 1657 conparatione
1311 1600 1427 1642 orbis
1454 1599 1586 1641 totius
1606 1597 1736 1639 Italia
1762 1598 1881 1638 locus
1912 1599 1995 1650 est3
2027 1611 2127 1637 nam

424 1678 644 1733 provincia
675 1677 793 1718 locus
825 1690 912 1716 non
942 1676 1087 1729 potest
1119 1673 1212 1714 dici.
1264 1672 1401 1713 minus
1435 1673 1500 1712 est
1533 1672 1676 1711 autem
1709 1667 1868 1723 ‘quam’
1901 1668 1960 1709 vel
1993 1667 2123 1719 ‘quem

428 1748 592 1802 Zocmn’,
630 1750 678 1789 ut
709 1748 830 1789 urbs
870 1746 1084 1800 antiqua
1120 1743 1232 1785 fuit.
1294 1746 1368 1784 aut
1396 1743 1482 1783 ‘ideo
1515 1738 1680 1790 ‘locus’,
1716 1743 1763 1780 ut
1793 1740 1975 1780 ostendat
1996 1752 2128 1791 parvo

421 1834 536 1874 posse
573 1833 653 1861 esse
689 1821 899 1860 contentos.
1021 1825 1283 1857 HESPERIAM
1315 1812 1550 1866 Hesperiae
1590 1811 1698 1852 duae
1738 1813 1854 1864 sunt,
1896 1824 1980 1851 una
2022 1823 2129 1863 quae

428 1891 640 1946 Hispania
671 1890 843 1943 dicitur,
876 1888 1014 1929 altera
1040 1900 1146 1941 quae
1175 1887 1239 1926 est
1264 1885 1309 1925 in
1333 1883 1474 1925 Italia.
1526 1896 1633 1937 quae
1665 1881 1745 1922 hac
1777 1880 1943 1922 ratione
1976 1879 2129 1921 discer-

361 1972 405 2002 25
431 1964 608 2004 nuntur:
649 1963 724 2002 aut
762 1960 874 2001 enim
905 1957 1162 2012 Hesperiam
1195 1956 1331 1998 solam
1364 1954 1469 1996 dicis
1504 1956 1546 1994 et
1578 1951 1794 2007 significas
1827 1950 2020 2000 Italiam,
2058 1953 2131 1990 aut

430 2034 547 2075 addis
577 2030 804 2074 eultimam’
838 2033 880 2071 et
907 2028 1123 2084 significas
1149 2026 1425 2080 Hispaniam,
1457 2038 1564 2078 quae
1597 2023 1642 2064 in
1674 2021 1905 2064 occidentis
1938 2023 2003 2062 est
2035 2020 2130 2075 fine,

526 2201 545 2231 5
572 2210 613 2230 ET
640 2207 783 2229 Pizomvs
811 2204 839 2228 e.
868 2205 901 2236 q.
929 2193 972 2237 s.]
1001 2191 1045 2226 cf.
1072 2191 1177 2227 Luct.
1206 2190 1305 2224 Plac.
1333 2188 1380 2223 ad
1407 2187 1500 2222 Stat.
1527 2186 1642 2221 Theb.
1670 2186 1702 2219 II
1728 2186 1828 2229 4961}
1859 2189 1876 2219 7
1904 2195 1990 2218 nam
2016 2183 2131 2218 histo-

431 2245 507 2279 riae
535 2273 541 2279 .
564 2272 570 2277 .
594 2271 600 2277 .
628 2254 650 2277 a
676 2241 826 2286 marito]
855 2241 899 2274 cf.
928 2239 1110 2283 niythogr.
1137 2238 1170 2271 Π
1192 2241 1257 2272 199
1277 2238 1289 2281 ΙΙ
1312 2241 1353 2271 10
1380 2246 1438 2270 1110
1465 2234 1573 2279 duce]
1602 2234 1642 2268 A.
1665 2233 1698 2266 X
1719 2237 1760 2267 92
1781 2233 1793 2277 11
1814 2236 1857 2265 14
1885 2231 2132 2275 populatque]

431 2302 556 2337 georg.
587 2292 598 2324 Ι
626 2293 691 2324 185
712 2290 724 2333 ΙΙ
745 2292 785 2322 15
814 2287 964 2331 quidam
986 2316 991 2321 .
1010 2314 1016 2320 .
1034 2314 1040 2320 .
1062 2284 1267 2330 accipiunt]
1296 2283 1340 2318 cf.
1362 2283 1454 2317 Don.
1476 2282 1521 2317 acl
1543 2282 1625 2316 Ter.
1646 2281 1724 2314 1100.
1746 2281 1760 2313 Ι
1782 2284 1814 2324 2,
1837 2283 1903 2312 114
1922 2280 1934 2323 ΙΙ
1954 2282 1997 2312 18
2025 2278 2130 2323 quid]

432 2340 473 2374 A.
501 2339 516 2372 Ι
542 2342 609 2372 232
629 2338 641 2382 ΙΙ
662 2341 703 2370 22
730 2335 832 2380 urbs]
862 2336 902 2369 A.
928 2335 944 2368 I
973 2337 1012 2367 12
1033 2334 1045 2377 ΙΙ
1064 2336 1109 2367 24
1135 2343 1229 2376 quae
1258 2333 1325 2365 hac
1353 2359 1358 2364 .
1383 2360 1388 2365 .
1413 2360 1418 2365 .
1446 2329 1533 2374 fine]
1562 2339 1674 2363 exscr.
1701 2326 1784 2361 lsid.
1813 2325 1903 2370 orig.
1927 2325 2011 2360 XIV
2031 2330 2066 2367 4,
2091 2330 2132 2359 19

530 2496 549 2525 2
578 2489 757 2525 uenerint.
796 2489 833 2522 et
858 2486 1021 2522 ostendit
1044 2497 1118 2521 non
1145 2486 1274 2530 sponte
1300 2483 1456 2518 uenisse.
1478 2482 1679 2516 Fabricius
1697 2482 1708 2524 11
1728 2485 1748 2514 3
1770 2480 1818 2514 ad
1836 2491 1867 2513 v.
1890 2483 1958 2513 526
1984 2478 2032 2512 Et
2050 2489 2132 2522 pro—

435 2538 534 2584 pius]
561 2537 736 2577 uicinius,
762 2536 804 2570 ut
829 2536 1021 2578 tamquam
1043 2563 1048 2568 .
1067 2562 1072 2567 .
1091 2561 1097 2567 .
1119 2545 1176 2567 res
1203 2533 1348 2566 nostras
1375 2531 1528 2574 (nostra)
1555 2529 1657 2563 (lixit.
1682 2528 1717 2561 P
1734 2529 1746 2571 ΙΙ
1765 2531 1784 2561 5
1812 2537 1938 2571 genus
1978 2527 2016 2559 ct
2040 2524 2136 2558 infra

435 2586 512 2629 (ΧΠ
537 2586 618 2626 934)
646 2582 814 2626 confugit
838 2581 885 2616 ad
910 2592 1105 2626 personam
1133 2579 1268 2614 ‘Dauni
1288 2578 1461 2612 miserere
1482 2575 1681 2611 senectae⁷.
1708 2575 1747 2608 Ι)
1765 2575 1776 2618 ΙΙ
1798 2573 1951 2607 vicinius
1978 2571 2134 2616 scilicet]

435 2633 473 2667 id
500 2634 556 2667 est
580 2630 737 2666 uicinius
763 2629 839 2663 BC
866 2631 877 2673 ΙΙ
915 2633 934 2663 6
962 2639 1029 2662 1100
1054 2627 1150 2662 tales
1179 2627 1251 2661 (11²
1279 2627 1290 2670 ΙΙ
1328 2635 1454 2660 omnes
1480 2623 1674 2658 credantur
1700 2632 1765 2656 om.
1795 2621 1830 2654 P
1859 2621 1870 2664 ΙΙ
1909 2624 1926 2654 7
1954 2630 2039 2653 nam
2066 2620 2136 2653 hoc
2163 2653 2167 2654 .

435 2679 574 2714 ueritas
600 2678 653 2712 rei
678 2676 793 2711 habet
821 2677 855 2710 P
878 2677 890 2719 ΙΙ
921 2678 940 2709 8
969 2676 1205 2709 consecutam
1234 2674 1277 2707 M
1304 2674 1315 2717 ΙΙ
1347 2671 1514 2716 civitate]
1542 2671 1632 2704 urbe
1660 2670 1696 2702 P
1721 2669 1733 2712 ΙΙ
1767 2671 1808 2701 10
1835 2667 1900 2702 1110
1927 2666 2025 2711 1000]
2054 2677 2135 2700 011111

437 2726 528 2760 dicit
553 2725 642 2760 alibi
666 2724 712 2758 M
729 2724 741 2767 ΙΙ
762 2728 803 2757 12
831 2724 879 2757 ad
898 2734 929 2758 v.
951 2726 1017 2756 527
1045 2721 1245 2766 Populare'l
1273 2719 1416 2763 antiqui
1435 2719 1473 2753 et
1499 2718 1637 2762 populo
1658 2718 1697 2750 et
1721 2715 1878 2759 populor
1905 2741 1910 2746 .
1937 2741 1943 2747 .
1965 2741 1971 2747 .
1999 2712 2137 2747 utimur

438 2772 695 2808 declinatione.
720 2771 755 2804 P
772 2772 783 2813 ΙΙ
804 2774 847 2804 14
873 2769 1035 2804 curculio
1056 2769 1113 2802 H:
1140 2779 1205 2803 om.
1226 2766 1345 2801 1301)
1380 2778 1415 2810 g.
1437 2766 1471 2799 L
1508 2763 1680 2810 gurgulio
1709 2763 1755 2796 M
1773 2763 1785 2806 ll
1804 2772 1899 2795 nunc
1925 2762 2049 2795 autem
2075 2760 2107 2793 L

440 2825 482 2855 10
504 2820 696 2854 aduertere
719 2817 780 2853 0²:
805 2818 949 2851 uertere
974 2816 1003 2850 G
1037 2817 1203 2850 auertere
1226 2815 1383 2849 enotavit
1404 2813 1600 2856 Scioppius
1618 2812 1630 2855 ΙΙ
1650 2814 1694 2844 20
1715 2810 1762 2844 ad
1781 2820 1812 2843 v.
1835 2813 1902 2843 530
1929 2807 1995 2841 Est
2018 2807 2136 2850 loeus]

439 2866 714 2912 comparatione
742 2864 840 2899 orbis
872 2863 987 2897 totius
1013 2863 1110 2896 unde
1137 2863 1193 2896 est
1219 2864 1252 2906 7⁸·
1277 2861 1375 2896 locu.
1426 2857 1662 2903 Hesperiam]
1689 2855 1888 2900 Hesperiae
1916 2855 2010 2888 duae
2037 2854 2137 2887 sunt:

439 2926 512 2949 una
536 2924 630 2958 quae
656 2913 727 2948 hac
753 2911 895 2946 ratione
922 2909 1142 2944 discernitur
1168 2910 1233 2943 aut
1258 2908 1355 2943 enim
1451 2905 1670 2950 Hispaniam
1690 2902 1900 2947 (spaniam).
1945 2903 1982 2935 et
2001 2901 2137 2943 Hespe-

440 2962 495 2995 ria
521 2961 567 2996 ab
594 2961 758 3005 Hespero
785 2958 885 2993 dicta
911 2957 1021 2991 stella
1047 2955 1277 2991 occidentali.
1308 2956 1343 2988 P
1370 2956 1381 2998 ΙΙ
1402 2958 1442 2988 21
1470 2954 1574 2988 locus
1603 2980 1608 2986 .
1631 2979 1637 2985 .
1661 2979 1668 2985 .
1694 2949 1821 2994 quam]
1849 2949 1951 2983 locus
1984 2948 2040 2981 cst
2065 2946 2138 2980 dici

441 3011 477 3041 ct
503 3009 607 3043 deest
631 3019 742 3051 quam
771 3005 800 3041 Ο
816 3007 828 3050 ΙΙ
847 3004 967 3038 minus
994 3005 1050 3038 est
1076 3003 1147 3046 que
1175 3004 1217 3035 ut
1241 3002 1327 3036 urbs
1354 3001 1507 3045 antiqua
1532 2999 1602 3033 fuit
1627 2999 1639 3032 l
1664 2998 1705 3032 in
1729 3006 1841 3040 mary.
1862 2996 1874 3038 ΙΙ
1894 2999 1936 3028 22
1964 3004 2079 3039 paruo
2098 2995 2139 3039 sss

444 3055 472 3088 C
507 3057 597 3098 (una
623 3055 743 3089 littera
769 3054 882 3088 deleta
907 3053 980 3094 est.)
1009 3052 1021 3095 ΙΙ
1052 3054 1097 3084 24
1123 3048 1302 3093 Hispania
1328 3048 1464 3083 dicitur
1490 3073 1496 3080 .
1526 3074 1532 3080 .
1561 3073 1568 3081 .
1596 3044 1705 3079 ltalia
1737 3054 1801 3078 om.
1833 3042 1862 3076 C
1889 3043 1900 3085 ΙΙ
1931 3041 1968 3075 111
1995 3052 2060 3076 om.
2088 3041 2139 3082 ll,

441 3103 501 3135 sed
525 3112 623 3145 supr.
650 3112 737 3135 vers
764 3100 847 3135 aad.
875 3100 993 3133 eadem
1019 3101 1059 3131 ut
1083 3097 1225 3131 videtur
1250 3106 1379 3129 manus
