2204 3437
299 902 341 931 10

303 1256 343 1285 15

306 1610 349 1639 ²20

307 1963 351 1994 25

366 150 421 190 56
1133 148 1293 184 SERVII

365 261 412 299 ut
457 258 762 313 Troiugena,
806 259 1066 312 interpres
1111 258 1297 312 divum,
1343 258 1427 313 qui
1470 258 1678 300 numina
1720 257 1933 310 Phoebi,
1977 259 2060 313 qui

364 329 619 383 tripodas,
671 327 834 370 Clarii
883 329 1078 383 laurus,
1130 329 1214 384 qui
1265 329 1436 370 sidera
1486 328 1648 370 sentis
1700 331 1749 370 et
1797 329 2061 371 volucrum

365 400 568 454 linguas
608 402 656 441 et
687 400 950 453 praepetis
989 400 1156 441 omina
1188 399 1386 454 pinnae.
1445 412 1538 440 ecce
1569 398 1650 440 1100
1680 399 1774 440 1000
1808 398 1984 440 ‘sentis’
2019 402 2061 441 et

366 473 463 512 ante
501 471 615 512 dicta
654 473 695 511 et
737 471 959 524 sequentia
1001 471 1227 514 concludit.
1358 481 1540 511 ILIONEI
1585 470 1815 524 antiptosis
1860 472 1941 524 est,
1985 485 2061 524 pro

366 542 565 595 genetivo
606 541 718 582 enim
758 540 949 582 dativum
985 541 1146 595 posuit3
1186 556 1286 581 nam
1325 542 1493 582 constat
1524 540 1768 581 huiusmodi
1801 540 1962 582 Graeca
1992 555 2064 581 no-

366 612 482 654 mina
520 611 712 653 dativum
753 611 1012 665 singularem
1050 611 1093 652 in
1133 611 1171 652 ei
1210 611 1529 665 diphthongum
1566 611 1754 666 mittere,
1798 613 1847 652 ut
1886 610 2063 665 Orphei,

365 698 464 724 nam
508 682 585 723 illa
630 681 788 723 solutio
834 684 899 723 est
944 696 1038 722 cum
1083 681 1243 736 Orphei
1287 681 1518 735 separatim
1564 681 1762 723 dicimus:
1811 695 1888 722 nec
1937 681 2063 723 modo

367 752 549 794 ‘Ilionei’
582 767 810 807 possumus
839 752 977 794 dicere
1003 753 1256 794 adstrictum
1283 767 1374 794 esse
1401 752 1667 806 genetivum,
1700 755 1748 794 ut
1779 753 1869 806 ipse
1903 752 1960 793 sit
1992 752 2065 806 qui

367 827 409 865 et
441 824 624 866 dativus.
687 824 798 878 quod
831 824 867 864 si
898 823 1010 865 forte
1043 823 1285 878 contingat,
1323 838 1407 865 non
1446 823 1595 877 regula
1632 825 1844 877 mutatur,
1882 823 1955 864 sed
1994 838 2066 864 an-

368 895 541 949 tiptosis
562 894 628 949 fit,
661 909 744 949 qua
770 894 1021 949 plerumque
1042 897 1222 936 utuntur
1249 898 1420 949 poetae,
1446 897 1494 935 ut
1522 895 1694 936 urbem
1721 909 1866 948 quam
1893 896 2065 936 statuo

369 968 542 1007 vestra
574 968 649 1007 est
681 980 756 1020 pro
793 966 910 1020 urbs,
942 966 1047 1006 item
1078 965 1258 1007 haeret
1290 966 1413 1020 pede
1446 980 1532 1020 pes
1564 980 1642 1020 pro
1675 964 1784 1019 pedi.

493 1038 586 1078 121.
636 1048 810 1079 VECTvs
845 1051 928 1091 qua
960 1036 1194 1078 vehebatur
1227 1037 1452 1091 significat.
1505 1039 1546 1078 et
1578 1051 1654 1091 pro
1687 1035 1903 1090 praesenti
1935 1036 2066 1090 parti-

371 1109 500 1163 cipio,
533 1108 642 1163 quod
676 1123 760 1150 non
793 1108 1019 1162 habemus,
1051 1108 1332 1161 praeteritum
1364 1108 1522 1161 posuit.
1572 1107 1615 1148 111
1647 1106 1801 1148 Latino
1836 1107 1948 1148 enim
1981 1121 2067 1148 ser-

371 1193 494 1221 mone
528 1193 552 1219 a
583 1179 754 1232 passivo
787 1178 917 1219 verbo
944 1193 1144 1232 praesens
1171 1178 1446 1232 participium
1470 1192 1557 1219 non
1584 1180 1666 1228 est,
1697 1193 1833 1232 neque
1854 1178 1906 1219 ab
1928 1178 2067 1219 activo

370 1249 661 1304 praeteritum.
725 1249 798 1290 sed
838 1249 950 1303 quod
988 1263 1071 1291 uno
1111 1263 1306 1290 sermone
1346 1248 1557 1302 explicare
1601 1263 1687 1290 non
1730 1263 1957 1303 possumus
1996 1251 2071 1290 aut

372 1320 745 1362 circumlocutione
784 1320 1067 1373 ostendimus,
1113 1321 1186 1361 aut
1225 1320 1259 1360 si
1300 1319 1380 1361 hoc
1418 1320 1636 1373 nolumus,
1679 1320 1955 1374 participium
1992 1334 2070 1374 pro

372 1391 598 1445 participio
630 1391 845 1444 ponimus,
878 1391 951 1431 sed
977 1391 1244 1445 usurpative,
1277 1393 1324 1432 ut
1354 1391 1435 1432 hoc
1467 1391 1560 1432 loco
1587 1390 1747 1432 factum
1780 1394 1855 1432 est.
1974 1408 2073 1433 ABAS

371 1462 552 1504 Abantes
582 1461 738 1514 aliquot
768 1462 957 1502 nudum:
988 1461 1053 1503 laic
1083 1475 1210 1516 martes,
1241 1461 1402 1503 Aeneae
1433 1475 1579 1511 eomes;
1612 1462 1714 1502 alter
1738 1475 1855 1514 quem
1879 1463 1924 1503 in
1946 1461 2073 1502 Troia

372 1533 589 1574 Diomedes
613 1533 778 1582 occidi&
813 1533 952 1573 {ertias
983 1535 1040 1574 est
1057 1532 1253 1586 Atyirzcs,
1286 1533 1401 1574 caius
1425 1533 1596 1586 elipeum
1624 1534 1737 1574 tertio
1765 1533 1865 1575 libro
1884 1532 2073 1586 Apollini

375 1617 621 1646 consecrasse
651 1604 750 1645 dicit
779 1603 974 1646 Aeneam.

496 1675 589 1715 122.
640 1685 765 1716 VIOIT
798 1686 941 1716 HIEMS
975 1673 1155 1715 ‘hiems'
1189 1674 1292 1715 duas
1325 1688 1392 1715 res
1426 1673 1659 1728 significat:
1692 1676 1766 1716 aut
1797 1677 1966 1729 tempus
1999 1677 2074 1715 aut

375 1746 460 1787 vim
494 1745 632 1800 venti,
655 1759 733 1799 per
763 1759 887 1798 qinom
919 1746 1051 1787 oritw
1084 1749 1303 1799 tempestas.
1366 1758 1467 1799 ergo
1500 1759 1577 1799 pro
1610 1745 1705 1786 1000
1737 1745 2074 1800 intellegendum

376 1820 451 1858 est.
502 1816 652 1859 Accius
682 1818 806 1859 unde
836 1818 954 1859 estis
984 1821 1166 1858 mansae
1196 1817 1285 1858 huc
1314 1816 1468 1858 hieme
1499 1817 1660 1858 delati.
1717 1817 1775 1858 sie
1805 1819 1842 1857 et
1873 1815 2016 1858 Varro.

377 1905 494 1931 rAxls
516 1901 596 1941 pro
629 1888 796 1941 laxatis,
828 1902 973 1929 nomen
997 1901 1077 1941 pro
1101 1888 1335 1941 participio.

499 1959 595 2000 123.
644 1970 823 1999 IMBREM
856 1958 993 1999 imber
1026 1958 1182 1999 dicitur
1213 1972 1335 2000 umor
1361 1958 1518 2012 omnis,
1550 1961 1598 2000 ut
1623 1957 1844 1999 Lucretius
1878 1972 1933 1999 ex
1965 1958 2077 2012 igni

378 2032 517 2071 terra
549 2031 698 2083 atque
726 2029 893 2070 anima
917 2030 1197 2070 nascuntur
1224 2030 1272 2068 et
1298 2028 1466 2083 imbri,
1491 2029 1535 2069 id
1562 2032 1627 2070 est
1652 2043 1813 2070 umore.
1907 2030 2073 2081 JMBREM]

475 2197 492 2226 1
516 2192 741 2238 Troiugena]
763 2193 804 2226 A.
823 2192 955 2227 111359
976 2193 988 2236 ΙΙ
1009 2196 1051 2225 10
1073 2191 1216 2237 urbem]
1232 2192 1273 2225 A.
1289 2192 1304 2225 Ι
1320 2195 1386 2227 573
1406 2193 1418 2236 Η
1440 2196 1479 2226 11
1497 2193 1639 2238 haeret]
1660 2193 1702 2227 A.
1718 2193 1750 2226 X
1766 2197 1831 2227 361
1853 2195 1865 2237 ΙΙ
1887 2197 1928 2227 12
1944 2205 2075 2227 vncrvs

381 2251 454 2284 qua
478 2239 682 2274 vehebatur
708 2250 737 2273 e.
765 2251 797 2283 q.
826 2239 869 2285 0.]
910 2239 1009 2274 Serv.
1043 2250 1172 2274 comm.
1205 2239 1244 2273 in
1274 2239 1366 2274 Don.
1393 2251 1428 2283 p.
1455 2244 1534 2283 417,
1561 2244 1604 2274 23
1633 2240 1674 2275 Κ,
1707 2242 1718 2284 ΙΙ
1752 2244 1793 2274 19
1820 2240 1930 2274 tertio
1962 2240 2074 2285 libro]

381 2287 479 2331 286·ss
509 2290 551 2321 23
580 2286 729 2331 Accius]
756 2287 851 2330 trag.
877 2286 982 2321 Rom.
1009 2286 1072 2320 rel.
1099 2297 1169 2320 rec.
1197 2286 1303 2320 Ribb.
1331 2299 1364 2330 p.
1392 2291 1458 2321 223
1486 2287 1541 2322 ed.
1568 2288 1601 2321 ΙΙ
1625 2288 1637 2331 ΙΙ
1662 2291 1705 2322 25
1732 2287 1939 2332 Lucretius]
1967 2288 1983 2321 1
2010 2290 2075 2321 715

383 2335 428 2369 ‘e.
455 2334 477 2367 i.
505 2335 530 2368 t.
559 2345 589 2367 a.
618 2345 649 2368 a.
677 2344 908 2378 procrescere
935 2344 964 2369 e.
990 2332 1029 2367 i.’
1078 2333 1121 2368 cf.
1148 2333 1232 2369 Isid.
1260 2344 1309 2369 or.
1338 2334 1423 2368 XIII
1451 2338 1505 2378 10,
1531 2338 1553 2368 4

477 2491 497 2521 2
527 2486 618 2521 clari
642 2487 732 2521 KH
747 2489 758 2531 ΙΙ
778 2488 815 2522 et
839 2487 1029 2522 volucrum
1057 2514 1063 2520 .
1092 2515 1098 2521 .
1127 2516 1134 2522 .
1160 2487 1295 2531 pinnae
1321 2488 1452 2522 addidi
1469 2489 1481 2532 ΙΙ
1500 2492 1521 2522 4
1548 2488 1729 2523 conclusit
1754 2488 1821 2522 Ml
1839 2489 1851 2532 ΙΙ
1871 2491 1890 2522 5
1914 2483 2078 2522 (10ιί0111-

383 2534 509 2579 posuit
534 2534 577 2567 H
603 2534 615 2577 ΙΙ
647 2535 793 2569 constat
818 2533 914 2568 enim
934 2534 1028 2567 ΒΜ
1046 2535 1057 2577 Η
1089 2538 1108 2568 6
1136 2534 1407 2578 diphthongum
1432 2546 1496 2569 om.
1524 2536 1560 2567 l(
1581 2537 1592 2579 ΙΙ
1619 2535 1772 2580 Orphei]
1800 2535 1896 2568 unde
1921 2534 2080 2579 protulit

384 2581 553 2625 uirgilius
587 2581 695 2625 orphi
733 2592 799 2625 per
831 2580 1187 2625 conglutinationem
1224 2581 1378 2615 duarum
1416 2582 1623 2616 litterarum
1662 2582 1700 2616 in
1734 2593 1856 2616 unam.
1912 2581 1943 2615 si
1980 2581 2079 2615 enim

384 2628 513 2662 ilionei
539 2627 725 2671 genitiuus
750 2628 955 2672 accipiatur
981 2627 1178 2671 corripitur
1197 2627 1209 2661 i
1230 2630 1358 2663 contra
1385 2629 1551 2673 regulam
1577 2630 1659 2663 add.
1682 2630 1735 2663 lm
1759 2630 1800 2663 in
1819 2639 1931 2673 ὐκαι-9.
1951 2631 1963 2673 ΙΙ
1984 2633 2001 2663 7
2024 2630 2080 2662 est

386 2675 484 2719 cum]
513 2676 552 2709 at
578 2675 607 2709 C
629 2675 641 2718 ΙΙ
671 2675 808 2719 Orphei
834 2675 1035 2719 separatim
1060 2675 1151 2709 BG:
1178 2675 1307 2719 orphei
1332 2676 1557 2710 KLHPM
1598 2676 1727 2720 orphei
1753 2675 1906 2710 dicimus
1932 2686 2079 2719 separa.-

385 2722 453 2756 tim
481 2723 491 2755 l
515 2723 527 2765 11
558 2725 578 2755 8
606 2733 752 2764 possum
779 2722 820 2755 ‘A‘
847 2723 859 2766 l]
890 2721 1107 2756 adstrictum
1134 2722 1177 2755 H
1181 2736 1191 2755 .·
1212 2723 1244 2768 ss
1257 2722 1426 2757 strictum
1451 2723 1482 2756 L
1522 2722 1688 2758 strictum
1715 2722 1791 2758 BG
1799 2723 1844 2756 M
1880 2722 2080 2757 adtrictum

386 2770 428 2803 K
449 2771 460 2813 ΙΙ
486 2768 517 2802 01
543 2768 642 2802 KP:
668 2769 736 2803 etsi
765 2768 879 2803 CLH
890 2769 935 2802 M
959 2769 970 2813 ΙΙ
1001 2772 1041 2802 12
1070 2769 1118 2803 ad
1142 2780 1171 2803 e.
1202 2773 1264 2803 121
1294 2769 1447 2815 Vectus]
1475 2781 1547 2814 qua
1571 2771 1778 2805 uehebatur
1803 2769 1986 2814 significat
2012 2798 2019 2805 .
2041 2797 2048 2803 .
2071 2796 2079 2804 .

387 2818 451 2851 aut
470 2815 794 2850 circumlocutione
815 2816 1041 2850 ostendimus
1061 2817 1126 2850 aut
1143 2818 1287 2860 partem
1308 2828 1373 2861 pro
1393 2819 1498 2861 parte
1518 2817 1699 2862 ponimus,
1720 2817 1782 2852 sed
1803 2816 2029 2861 usurpatiue.
2047 2816 2083 2849 P

420 2867 462 2898 14
482 2862 606 2898 actiuo
627 2862 739 2897 uerbo
760 2863 804 2897 H
817 2865 829 2907 ΙΙ
850 2867 892 2897 19
914 2862 1015 2897 cuius
1035 2862 1145 2897 tertio
1166 2862 1260 2897 libro
1281 2863 1450 2907 clypeum
1473 2864 1503 2899 G
1517 2866 1530 2909 ΙΙ
1555 2868 1597 2898 21
1620 2865 1668 2899 acl
1686 2875 1717 2900 v.
1739 2868 1806 2898 122
1826 2863 1926 2898 Vicit
1944 2863 2078 2908 hiems]

388 2911 505 2944 hiems
533 2939 539 2944 .
568 2938 574 2944 .
604 2938 610 2944 .
638 2909 754 2945 oritur
778 2911 991 2954 tempestas.
1044 2909 1168 2954 Laxis]
1196 2921 1261 2953 pro
1288 2910 1421 2944 laxatis
1449 2940 1455 2945 .
1485 2940 1490 2946 .
1519 2940 1525 2946 .
1552 2911 1760 2956 participio.
1790 2911 1853 2955 Pu
1872 2910 1988 2945 hiems
2014 2921 2079 2944 om.

388 2957 430 2990 K
450 2958 462 3001 ΙΙ
488 2961 530 2991 25
558 2958 606 2991 ad
630 2968 661 2991 v.
685 2961 749 2991 123
778 2957 975 3002 Accipiunt
998 2957 1169 3002 imbrem]
1196 2957 1312 2991 imber
1338 2957 1472 2992 dicitur
1497 2958 1628 2993 humor
1653 2958 1788 3001 omnis,
1814 2959 1956 2992 ueteres
1982 2957 2080 2991 enim

391 3015 535 3038 omnem
561 3015 694 3048 aquam
726 3004 882 3038 imbrem
908 3003 1098 3047 dicebant,
1134 3006 1173 3037 ut
1198 3003 1387 3038 Lucretius
1415 3033 1423 3040 .
1452 3033 1459 3040 .
1487 3032 1493 3038 .
1521 3005 1558 3039 id
1590 3007 1646 3039 est
1676 3006 1840 3040 humore.
1891 3004 2082 3039 Fatiscunt

391 3050 619 3095 (fatescunt)]
659 3051 889 3086 abundanter
926 3050 1140 3094 aperiuntur
1176 3078 1182 3084 .
1211 3079 1217 3084 .
1247 3078 1252 3084 .
1293 3051 1337 3085 ab
1376 3051 1487 3087 hiare.
1524 3053 1559 3085 P
1605 3053 1762 3095 (ueteres
1796 3079 1802 3086 .
1830 3080 1837 3086 .
1866 3079 1872 3086 .
1909 3051 2082 3085 dicebant

391 3098 505 3131 eodem
533 3108 600 3141 quo
630 3098 664 3131 Γ
689 3099 761 3132 loeo
787 3099 889 3133 habet
917 3098 1073 3142 C*)1126
1100 3097 1138 3131 id
1165 3098 1220 3131 cst
1245 3109 1370 3133 umore
1397 3109 1461 3133 om.
1492 3098 1522 3133 G
