2204 3437
538 200 687 236 COMM.
714 203 766 236 IN
791 200 935 235 VERG.
962 201 1072 235 AEN.
1100 201 1124 234 1.
1152 204 1302 235 58—65.
1712 200 1765 240 37

189 311 255 351 62.
306 321 520 352 FOEDERE
555 310 679 351 modo
712 309 824 364 lege,
857 308 963 349 alias
996 322 1117 362 pace,
1151 322 1258 362 quae
1283 308 1334 348 fit
1358 308 1470 349 inter
1502 308 1767 350 dimicantes.

75 381 222 422 foedus
256 383 397 422 autem
432 380 592 421 dictum
624 380 692 421 vel
724 394 749 420 a
779 379 1018 433 fetialibus,
1056 378 1098 419 id
1132 381 1196 420 est
1228 379 1521 420 sacerdotibus
1554 393 1629 432 per
1662 394 1766 433 quos

70 452 177 492 fiunt
215 451 405 505 foedera,
445 451 512 491 vel
546 465 570 491 a
600 464 732 504 porca
763 449 903 503 foede,
941 448 1022 490 hoc
1054 451 1120 490 est
1151 448 1363 503 lapidibus
1397 449 1556 503 occisa,
1597 450 1644 489 ut
1675 449 1766 503 ipse

71 524 118 563 et
150 536 298 562 caesa
331 521 612 575 iungebant
644 519 851 561 foedera
881 533 1050 573 porca.

187 593 253 633 63.
303 604 360 632 ET
393 603 607 633 PREMERE
639 603 694 632 ET
727 602 877 631 LAXAs
911 602 1073 632 SCIRET
1101 601 1224 631 DARE
1252 601 1405 632 lvssvs
1432 601 1640 632 HABENAS
1673 605 1766 644 per·
1794 602 1813 632 5

68 663 229 704 mansit
255 663 299 703 111
319 661 620 712 translatione,
646 665 692 702 ut
710 661 892 702 vinclis
917 663 960 701 et
983 674 1173 702 carcerc
1195 661 1373 712 frenat.
1425 660 1597 702 ‘iussus'
1625 664 1767 703 autem

69 734 121 774 ob
166 733 247 774 hoc
291 733 454 787 posuit,
499 732 597 787 quia
639 747 714 773 suo
752 731 863 772 nihil
902 731 1007 772 facit
1044 731 1234 784 imperio.
1303 746 1401 772 nam
1440 730 1545 772 tolle
1585 731 1682 783 hoc,
1726 735 1767 774 et

68 804 203 845 maior
242 806 307 845 est
347 803 543 844 omnibus
589 802 688 856 diis,
733 802 768 842 si
810 801 863 842 ad
903 801 991 842 eius
1030 801 1294 842 voluntatem
1340 804 1521 854 possunt
1559 802 1768 844 elementa

68 874 284 915 confundi:
324 875 372 914 ut
407 873 498 927 ipse
532 872 691 915 Aeolus
725 872 850 913 mihi
888 873 1030 913 iussa
1067 886 1337 926 capessere
1374 872 1451 913 fas
1491 875 1577 913 est.
1641 873 1768 914 simul

67 947 291 987 ventorum
330 944 569 986 ostenditur
608 944 691 998 vis,
736 943 889 998 quibus
928 958 1080 997 parum
1118 943 1259 985 fuerat
1297 945 1487 984 montem
1526 944 1768 999 superponi,
1797 956 1837 986 10

66 1016 150 1057 nisi
196 1018 237 1057 et
280 1028 426 1069 regem
471 1015 730 1069 acciperent,
776 1014 849 1069 qui
892 1013 983 1068 ipse
1028 1028 1194 1068 quoque
1239 1014 1379 1056 alieno
1423 1016 1595 1068 pareret
1636 1014 1766 1068 impe-

66 1087 143 1128 rio.
258 1103 309 1127 ET
324 1102 504 1127 PREMERE
522 1102 548 1126 E
577 1103 608 1127 L.
629 1102 656 1126 s.
678 1102 712 1127 D.
733 1102 754 1127 J.
776 1086 827 1137 Η]
864 1083 1086 1138 *αίὶοᾳειίη
1110 1085 1268 1126 Iunoni
1293 1085 1452 1138 obsequi
1481 1099 1564 1127 mm
1588 1084 1767 1138 posset*

65 1158 142 1198 alifa·
180 1154 357 1197 ‘iussus’
396 1156 456 1196 ita
493 1155 743 1209 intellefflmt,
787 1169 871 1197 ozon
908 1169 998 1197 cum
1036 1156 1237 1197 iuberetur
1276 1169 1366 1197 eum
1402 1155 1476 1197 hoc
1509 1155 1658 1210 facere,
1701 1158 1771 1198 sed

69 1229 125 1269 ita
156 1227 466 1280 administrare,
497 1230 545 1267 ut
574 1227 697 1267 etiam
725 1226 860 1267 ‘iussus
886 1229 989 1277 emt,
1022 1227 1239 1268 secundum
1265 1227 1506 1268 desiderium
1534 1230 1766 1280 temporum.

183 1299 250 1339 64.
300 1309 362 1338 AD
396 1296 507 1351 apud
541 1310 682 1350 quem,
715 1298 762 1337 ut
795 1311 935 1350 supra.
1796 1310 1836 1339 15

183 1368 249 1411 65.
299 1379 450 1409 AEOLE
493 1366 756 1408 rhetoricum
795 1368 861 1407 est
898 1366 943 1407 in
981 1368 1097 1409 omni
1135 1367 1345 1422 petitione
1383 1368 1488 1410 haec
1527 1369 1767 1423 observare,

66 1444 114 1482 ut
146 1439 285 1494 possit
315 1440 535 1492 praestare
569 1437 640 1491 qui
671 1436 851 1491 petitur,
890 1439 938 1478 ut
970 1437 1027 1478 sit
1057 1438 1344 1494 possibilitas,
1386 1442 1433 1481 ut
1465 1440 1522 1481 sit
1553 1455 1620 1481 res
1652 1440 1767 1482 iusta

65 1525 170 1566 quae
210 1509 389 1564 petitur,
426 1511 474 1549 ut
512 1508 672 1548 habeat
710 1507 882 1549 modum
919 1508 1095 1562 petitio,
1140 1511 1187 1550 ut
1226 1512 1429 1564 sequatur
1466 1511 1766 1552 remuneratio.

64 1585 106 1623 et
139 1580 356 1622 sciendum
389 1581 455 1620 est
487 1578 715 1620 secundum
758 1577 869 1619 hunc
901 1579 1091 1620 ordinem
1125 1594 1269 1621 omnes
1309 1581 1539 1635 petitiones
1579 1581 1766 1623 formare

62 1651 324 1706 Vergilium,
355 1652 402 1691 ut
433 1649 475 1690 in
508 1648 590 1689 hoc
620 1648 714 1690 loco
747 1649 1018 1703 possibilitas
1052 1652 1117 1691 est
1150 1649 1214 1691 ‘et
1246 1651 1430 1693 mulcere
1463 1651 1579 1693 dedit
1611 1652 1764 1694 fluctus
1791 1665 1835 1695 20

64 1725 106 1764 et
135 1721 290 1763 tollere
316 1719 474 1762 vento’.
531 1719 645 1760 iusta
675 1720 828 1773 petitio
858 1723 923 1761 est
956 1719 1081 1775 ‘gens
1108 1721 1283 1762 inimica
1314 1721 1459 1777 mihi'3
1494 1737 1617 1763 omne
1651 1724 1764 1764 enim

64 1793 174 1848 quod
207 1794 356 1833 contra
386 1790 581 1832 inimicos
615 1790 802 1844 petimus
835 1791 995 1832 iustum
1029 1794 1105 1833 est.
1167 1792 1317 1834 modus
1350 1793 1569 1846 petitionis
1600 1797 1666 1835 est
1699 1794 1764 1836 eet

63 1864 214 1905 dissice
254 1876 435 1917 corpora
472 1861 639 1916 ponto'L
701 1863 992 1903 remuneratio
1034 1861 1154 1904 ‘sunt
1191 1863 1298 1905 mihi
1335 1864 1402 1905 bis
1442 1866 1605 1918 septem
1643 1880 1762 1919 prae-

64 1934 197 1976 stanti
231 1948 262 1975 c.
294 1932 349 1974 11.'
472 1944 622 1974 AEOLE
662 1943 830 1973 INCVTE
868 1945 950 1974 VIM
990 1945 1158 1975 VENTIS
1199 1935 1299 1976 ordo
1342 1935 1433 1989 ipse
1473 1938 1550 1977 est.
1618 1938 1661 1977 et
1699 1939 1764 1977 est

64 2006 199 2060 figura
229 2003 512 2059 parenthesis.
562 2003 672 2044 inter
703 2003 980 2057 parenthesin
1014 2006 1056 2045 et
1089 2004 1263 2058 ellipsin
1295 2005 1377 2047 hoc
1408 2005 1611 2060 interest,
1651 2008 1761 2061 quod
1788 2019 1831 2049 ⁶25

63 2074 330 2130 parenthesis
370 2077 435 2115 est
474 2074 671 2129 quotiens
710 2076 875 2115 remota
916 2074 966 2116 de
1002 2075 1141 2116 medio
1176 2077 1391 2118 sententia
1423 2077 1590 2131 integer
1623 2092 1761 2120 sermo

60 2146 283 2200 perdurat3
332 2145 505 2199 plenum
554 2159 737 2199 namque
782 2150 848 2186 est
893 2145 1049 2187 ‘Aeole
1094 2147 1235 2188 incute
1280 2148 1366 2189 vim
1410 2148 1584 2190 ventis'.
1659 2150 1762 2191 item

157 2279 173 2308 1
202 2273 292 2308 alias
316 2283 409 2318 pace
437 2301 444 2309 .
471 2301 478 2308 .
506 2300 513 2308 .
541 2272 689 2307 foedera
714 2272 840 2318 porca]
875 2285 986 2308 exscr.
1015 2274 1098 2309 Isid.
1129 2286 1178 2310 or.
1206 2275 1326 2311 XVIII
1354 2280 1383 2320 1,
1413 2280 1453 2311 11
1483 2277 1495 2320 ΙΙ
1526 2281 1547 2311 4
1574 2278 1610 2311 ct
1636 2279 1759 2324 caesa]

62 2322 103 2357 A.
130 2321 216 2355 VIII
243 2325 307 2355 641
329 2322 381 2365 116
406 2319 551 2366 vinclis]
579 2320 621 2355 A.
648 2320 663 2353 I
691 2323 734 2354 54
753 2321 765 2364 Η
785 2324 804 2354 9
832 2320 938 2366 mihi]
967 2321 1007 2356 A.
1036 2323 1051 2356 I
1079 2326 1121 2356 77

155 2442 171 2472 1
201 2439 249 2473 cccl
268 2449 298 2472 v.
316 2442 359 2473 (32
386 2438 565 2483 Foedere]
592 2437 701 2472 modo
728 2437 810 2482 lege
831 2466 838 2472 .
862 2467 868 2473 .
892 2465 897 2472 .
919 2438 1134 2474 foecialibus
1162 2440 1226 2484 qui
1248 2440 1337 2475 olim
1357 2440 1520 2476 soedales
1541 2442 1759 2477 dicebantur

62 2486 99 2519 id
126 2487 181 2520 est
201 2485 425 2529 sacerdotes,
452 2496 516 2529 per
542 2495 631 2529 quos
658 2512 665 2519 .
687 2512 694 2518 .
717 2512 724 2519 .
752 2496 872 2529 porca.
892 2485 927 2518 P
943 2486 955 2529 ΙΙ
974 2486 1100 2532 modo]
1126 2486 1165 2521 id
1192 2489 1248 2522 est
1267 2488 1309 2521 K
1324 2489 1335 2532 ΙΙ
1355 2499 1449 2532 quae
1470 2489 1523 2533 fit]
1551 2489 1673 2533 querit
1691 2490 1731 2523 K

436 2552 463 2569 <31

59 2584 78 2613 ‘2
106 2578 315 2614 fectialibus
340 2579 375 2614 B
413 2578 558 2613 fialibus
585 2578 627 2611 K
661 2577 853 2613 fecialibus
879 2580 1011 2623 reliqui
1028 2581 1040 2624 Η
1068 2580 1283 2615 foecialibus
1310 2582 1372 2626 qui
1399 2582 1488 2617 olim
1514 2583 1679 2618 foedales
1705 2584 1756 2619 di-

59 2627 234 2661 cebantur
259 2626 297 2660 id
323 2627 379 2660 est
404 2625 612 2660 sacerdotes
638 2637 703 2670 per
730 2636 821 2669 quos
850 2625 898 2660 0*
917 2627 928 2671 ΙΙ
955 2631 973 2661 7
1001 2627 1047 2661 ab
1073 2628 1143 2662 hoc
1172 2629 1219 2661 M
1236 2630 1248 2673 ΙΙ
1273 2632 1293 2662 8
1321 2629 1376 2663 dis
1402 2630 1444 2663 K
1450 2630 1499 2664 M
1521 2631 1533 2675 ΙΙ
1561 2634 1600 2664 11
1630 2632 1666 2665 et
1691 2642 1756 2667 om.

57 2673 91 2706 L
115 2674 127 2717 ΙΙ
150 2673 315 2717 imperio.
367 2672 432 2708 alii
463 2672 581 2706 iussus
613 2672 667 2706 ita
698 2672 931 2717 intellegunt.
982 2685 1055 2708 non
1081 2686 1164 2709 cum
1197 2675 1386 2711 iuberetur
1410 2678 1497 2711 tunc
1524 2678 1593 2712 hoc
1618 2677 1758 2713 faceret

58 2719 222 2765 alioquin
252 2719 380 2754 iunoni
411 2719 565 2763 obsequi
597 2730 669 2753 non
700 2721 842 2764 posset,
881 2721 943 2755 sed
978 2721 1031 2756 ita
1064 2722 1321 2758 administrare
1349 2752 1355 2758 .
1383 2751 1391 2759 .
1419 2752 1427 2759 .
1458 2726 1668 2769 temporum
1695 2725 1725 2760 Ο
1747 2726 1757 2739 ”

58 2771 99 2801 13
128 2778 212 2801 eum
237 2767 307 2801 hoc
327 2767 448 2801 facere
466 2767 597 2810 scripsi
615 2767 626 2810 ΙΙ
648 2770 690 2801 15
711 2767 759 2801 ad
778 2778 810 2801 v.
832 2771 875 2802 64
904 2768 974 2813 Ad]
1003 2769 1101 2813 apud
1122 2781 1230 2813 (1110111
1254 2771 1289 2804 P
1306 2772 1317 2815 Η
1336 2782 1402 2815 pro
1423 2772 1521 2816 apud
1544 2772 1621 2805 BL
1632 2772 1724 2805 ME
1755 2772 1756 2777 ’

58 2818 100 2848 16
128 2815 176 2849 acl
196 2818 238 2849 65
266 2814 401 2848 Diuum
426 2815 531 2858 pater
557 2815 668 2857 atque
694 2813 883 2848 hominum
910 2816 989 2861 rex]
1018 2815 1184 2860 Iuppiter
1210 2844 1216 2850 .
1246 2845 1252 2851 .
1280 2847 1286 2853 .
1315 2818 1355 2852 ut
1379 2820 1485 2862 pater
1510 2820 1662 2853 Aeneas.
1693 2820 1728 2852 P

57 2860 281 2896 rethoricum
312 2860 409 2895 enim
435 2862 491 2895 est
518 2861 565 2894 M
607 2860 831 2895 rethoricum
864 2862 920 2895 est
951 2863 1048 2896 enim
1074 2863 1113 2896 E
1149 2865 1160 2907 Η
1200 2868 1239 2898 17
1273 2865 1453 2909 praestari
1488 2866 1584 2908 quod
1617 2865 1755 2909 petitur

58 2908 262 2952 Stephanus
287 2911 318 2942 et
346 2908 542 2942 Fabricius
572 2909 584 2951 ll
624 2911 665 2942 18
691 2907 845 2952 petitur]
879 2910 920 2942 ut
952 2910 1000 2944 sit
1030 2910 1161 2954 petitio
1194 2910 1291 2946 iusta
1322 2923 1388 2946 nec
1424 2912 1506 2955 plus
1538 2913 1602 2945 aut
1634 2913 1753 2946 minus

57 2966 167 2998 quam
193 2955 328 2989 debeat
351 2957 457 2998 petat
482 2955 564 2989 add.
588 2955 617 2988 Ο
640 2954 678 2988 id
698 2955 754 2988 est
779 2955 862 2989 add.
886 2956 933 2989 M
940 2956 993 3000 E,
1019 2958 1172 2999 sortasse
1196 2962 1286 2992 rect-e
1311 2959 1322 3002 Η
1353 2963 1395 2992 20
1415 2970 1501 2992 nam
1525 2958 1754 3001 possibilitas

60 3002 170 3035 MEZ
189 3003 200 3046 ΙΙ
219 3005 261 3036 21
290 3003 420 3036 uentos
446 3001 485 3035 E
501 3002 514 3045 ΙΙ
538 3001 673 3035 imnica
699 3002 755 3035 est
779 3002 871 3036 mihi
896 3002 938 3035 K
959 3004 971 3047 Η
999 3007 1043 3037 24
1070 3004 1146 3048 ipse
1173 3016 1238 3039 om.
1264 3005 1359 3038 BM
1384 3006 1481 3047 (add.
1507 3006 1556 3048 m)
1582 3006 1594 3049 ΙΙ
1620 3007 1656 3040 et
1682 3006 1751 3052 est]

57 3047 191 3082 dicitur
225 3050 348 3083 autem
374 3048 416 3082 K
444 3052 475 3082 et
499 3049 651 3090 fortasse
676 3048 726 3089 L,
763 3049 799 3082 et
831 3050 888 3083 est
919 3054 1009 3085 certe
1041 3052 1081 3085 m
1110 3062 1182 3085 ras.
1214 3062 1336 3085 noa-mn
1367 3052 1441 3094 fere
1473 3053 1675 3087 litterarmn
1707 3054 1718 3087 l
1752 3085 1754 3100 1

59 3098 102 3128 25
133 3095 389 3141 parenthesin]
421 3106 533 3139 quam
558 3095 600 3128 K
632 3095 644 3139 Ι]
680 3094 822 3139 illipsin
852 3096 895 3129 K
929 3097 1082 3142 eclipsin
1108 3098 1188 3130 LE
1224 3098 1356 3142 elipsin
1385 3098 1433 3132 M
1467 3100 1478 3143 ΙΙ
1516 3100 1553 3133 et
1583 3099 1654 3134 hoc
1679 3100 1744 3133 K*

60 3145 103 3175 27
129 3142 312 3186 perdurat.
358 3142 410 3176 sic
436 3154 458 3176 a
483 3142 622 3177 Graeco
650 3141 749 3177 dicta
775 3142 874 3186 quod
898 3142 1156 3189 interponatur
1181 3144 1217 3178 id
1245 3146 1301 3179 est
1326 3146 1590 3190 παρεντίθεται
1625 3147 1657 3181 7)
