2204 3437
560 168 707 205 COMM.
735 169 786 203 IN
812 169 954 204 VERG.
981 169 1090 203 AEN.
1118 170 1142 204 I.
1172 173 1368 204 721-724,
1725 171 1807 211 201

118 292 237 320 neum
267 278 391 320 subiit
420 277 598 319 eoeilimn.
661 278 772 330 viryo
804 280 938 318 cidem
975 278 1061 329 ipso
1100 277 1340 329 izitptiarzmi
1378 278 1441 318 die
1478 281 1598 318 semel
1634 279 1680 318 de
1718 281 1810 319 tecto

110 349 419 403 praecipitavit:
450 362 552 401 quae
582 362 671 389 eum
702 349 858 389 inlaesa
895 348 1117 401 decidisset,
1159 348 1199 388 in
1235 348 1378 400 fussam
1416 361 1604 389 conversa
1628 349 1813 401 pervenit

119 421 175 461 ad
193 420 289 461 litus
309 404 440 472 ibique
465 419 654 472 scapham
677 419 868 472 aseendit,
891 431 939 459 ese
962 432 1043 470 qua
1067 421 1206 470 sponte
1228 418 1348 469 filnes
1366 418 1488 459 solidi
1513 432 1592 459 esse
1611 419 1811 460 (licuntur.

117 491 318 532 voluntate
342 491 477 542 itaque
502 490 667 530 deorum
690 492 874 542 pervecta
905 492 962 530 est
991 489 1060 529 ube·
1084 492 1245 529 amator
1276 489 1534 530 morabcctma·
1569 503 1692 542 quam
1720 502 1811 530 eum

117 562 184 603 ille
213 575 376 614 parans
412 574 499 601 eum
539 560 743 601 sodalibus
779 560 1004 601 eoncirizmi
1040 560 1287 612 suscepisset,
1330 573 1404 612 pro
1447 561 1533 613 ipso
1576 560 1636 601 rei
1674 563 1811 600 eventu

118 633 311 685 templum
336 632 552 673 coustituit.
591 632 697 683 qued
725 644 815 684 eryo
847 634 984 683 sponte
1012 630 1187 682 fuissem
1213 629 1367 685 (filnes)
1400 631 1537 681 soluti,
1568 631 1813 671 Automatae

126 703 268 744 Veneri
305 716 449 743 nomen
491 702 683 755 sacravit,
728 702 907 754 quodque
950 715 1039 742 eum
1077 701 1216 754 epulas
1252 705 1425 754 pararet
1463 703 1573 755 vau-90
1617 702 1654 743 ei
1695 701 1813 755 aquis

114 775 259 826 fuisset
295 775 475 827 advecta,
512 773 754 825 Epidaeliae
795 773 980 814 sacravit.
1108 783 1323 814 ABOLERE
1363 784 1594 814 SICHAEVM
1639 784 1811 814 INCIPIT

118 845 219 886 ordo
254 843 478 885 naturalis,
538 844 657 896 prius
692 844 804 885 enim
838 847 902 885 est
941 843 1126 884 avellere
1164 842 1448 897 inhaerentia,
1487 846 1530 884 et
1567 846 1665 897 post
1701 858 1813 884 nova

117 914 287 956 inferre.
351 914 410 955 sic
455 914 677 955 Terentius
723 918 777 955 ut
821 918 1005 956 metum
1056 914 1107 955 in
1156 929 1249 969 quo
1295 928 1423 955 nunc
1475 918 1553 956 est
1597 915 1811 955 adimam

117 988 268 1040 atque
301 985 530 1038 expleam
565 985 784 1025 animum
819 985 1018 1039 gaudio.

238 1057 333 1098 721.
383 1067 493 1097 VIVO
526 1067 685 1097 AMORE
719 1058 793 1097 aut
825 1056 911 1097 vivi
943 1055 1148 1110 hominis,
1182 1058 1256 1097 aut
1295 1059 1407 1098 certe
1439 1056 1694 1098 vehementi.

117 1138 449 1168 PRAEVERTERE
483 1140 812 1180 praeoccupare:
845 1129 1022 1180 propter
1053 1126 1260 1168 Iunonem
1294 1127 1384 1168 sine
1417 1127 1558 1168 dubio.

235 1197 331 1238 722.
381 1208 570 1238 RESIDES
615 1197 782 1251 pigros,
834 1197 885 1238 ad
932 1198 1159 1238 amandum
1210 1198 1389 1251 inertes3
1440 1198 1655 1239 iuraverat
1700 1198 1812 1238 enim

113 1268 221 1309 nulli
253 1283 297 1309 se
331 1282 421 1308 esse
453 1270 695 1320 nupturam.
756 1269 905 1310 resides
936 1283 1034 1310 sane
1065 1269 1213 1310 milites
1250 1270 1368 1311 otiosi
1405 1273 1441 1310 el
1463 1270 1578 1322 μέρη
1609 1270 1811 1324 dieantur,

115 1342 160 1380 ut
189 1339 466 1391 residesque
503 1339 707 1380 movebit
740 1339 914 1381 Tullus
954 1341 1002 1381 in*
1040 1353 1178 1380 arma
1215 1340 1355 1382 viros.
1418 1340 1526 1381 unde
1567 1343 1715 1381 contra
1752 1340 1812 1381 in-

115 1411 279 1450 stantes
313 1409 490 1451 dicimus
524 1410 771 1452 industrios.

235 1481 330 1521 723.
382 1492 514 1530 QVIES
548 1493 709 1522 EPVLIS
744 1484 920 1536 propter
951 1482 1140 1535 regalem
1174 1481 1452 1523 affluentiam.
1503 1484 1652 1523 contra
1685 1498 1814 1536 supra

116 1552 175 1592 ait
206 1554 476 1605 postquam
510 1554 744 1605 exempta
775 1552 945 1594 fames.
1038 1564 1315 1603 MENSAEQVE
1349 1564 1570 1594 REMOTAE
1600 1553 1702 1594 licet
1734 1554 1812 1594 sub

116 1624 318 1663 extranea
350 1637 551 1676 persona,
577 1622 872 1664 Romanorum
905 1626 1049 1664 tamen
1077 1624 1321 1678 exsequitur
1348 1638 1528 1677 morem,
1561 1624 1672 1678 apud
1706 1639 1811 1678 quos
1841 1632 1848 1642 ²

116 1692 222 1733 duae
254 1707 425 1733 mensae
459 1695 598 1733 erant:
630 1708 715 1734 una
748 1694 988 1748 epularum,
1022 1695 1157 1735 altera
1189 1695 1454 1748 poculorum.

235 1764 329 1804 724.
381 1774 615 1805 CRATERAS
643 1764 850 1806 Graecum
884 1768 949 1806 est
981 1766 1033 1805 ab
1068 1780 1116 1806 eo
1148 1766 1258 1820 quod
1293 1769 1359 1807 cst
1392 1766 1476 1807 ehic
1509 1766 1680 1820 crater’3
1713 1782 1812 1807 nam

115 1833 265 1874 Latine
291 1834 395 1875 haec
421 1837 587 1875 cratera
613 1835 784 1886 dicitur,
811 1836 919 1877 unde
946 1836 1116 1877 Persius
1150 1836 1192 1877 si
1219 1837 1319 1878 tibi
1351 1840 1580 1879 crateras
1608 1838 1813 1891 argenti

115 1904 394 1959 incusaque
440 1905 620 1960 pingui
665 1921 785 1947 auro
832 1907 961 1948 dona
1004 1907 1174 1948 feram.
1307 1920 1364 1948 ET
1410 1920 1520 1949 VINA
1566 1919 1813 1949 CORONANT

116 1974 256 2015 ‘vina’
300 1991 376 2029 pro
422 1976 588 2030 poculis
634 1977 796 2032 posuit,
836 1981 878 2018 et
922 1980 986 2018 est
1022 1980 1171 2032 tropus
1213 1979 1494 2033 synecdoche,
1532 1981 1579 2020 ut
1617 1978 1812 2020 Cererem

116 2046 294 2087 dicimus
331 2061 407 2101 pro
445 2047 672 2089 frumento.
736 2048 794 2089 sic
826 2048 1006 2090 Plautus
1050 2049 1218 2091 vinum
1258 2064 1539 2104 precemur3
1580 2065 1693 2091 nam
1733 2050 1814 2091 hic

115 2117 236 2158 deus
274 2131 519 2171 praesens
559 2119 715 2161 adest.
784 2118 1033 2161 ‘coronant’
1075 2122 1216 2161 autem
1256 2122 1321 2161 est
1360 2123 1433 2161 aut
1474 2120 1642 2174 inplent
1682 2135 1814 2175 usque

116 2189 168 2230 ad
201 2188 459 2244 marginem,
493 2193 567 2231 aut
601 2191 700 2244 quia
732 2190 899 2245 antiqui
932 2191 1194 2232 coronabant
1226 2191 1398 2245 pocula,
1431 2194 1474 2232 et
1507 2191 1568 2232 sic
1600 2191 1813 2233 libabant:

115 2259 224 2300 unde
258 2263 323 2300 est
360 2273 593 2314 magnum
633 2264 834 2302 cratera
866 2276 1054 2303 corona
1090 2262 1275 2317 induit,
1309 2262 1634 2316 inplevitque
1668 2277 1814 2304 mero.

212 2391 254 2420 10
281 2387 489 2434 Terentius]
517 2389 628 2424 Andr.
656 2389 687 2422 ΙΙ
715 2393 747 2432 2,
774 2393 793 2422 2
813 2390 824 2432 ss
847 2393 888 2423 16
915 2389 1142 2435 residesque]
1165 2390 1207 2425 A.
1229 2390 1278 2423 VI
1299 2392 1398 2434 8141!
1420 2394 1461 2423 19
1488 2390 1701 2435 postquam]
1730 2391 1770 2424 A.
1799 2391 1811 2423 I

116 2438 183 2468 216
209 2435 221 2478 ΙΙ
247 2438 288 2468 22
316 2444 490 2478 graecum
515 2437 571 2470 est
598 2464 604 2471 .
628 2465 634 2470 .
657 2464 663 2470 .
689 2436 825 2482 feram]
859 2447 970 2472 exscr.
997 2436 1081 2471 Isid.
1116 2438 1206 2482 orig.
1234 2437 1298 2471 XX
1327 2442 1358 2482 5,
1385 2442 1404 2471 3
1431 2438 1442 2480 ΙΙ
1471 2442 1513 2471 23
1547 2437 1708 2482 Persius]
1744 2438 1810 2471 sat.

118 2481 151 2514 ΙΙ
178 2485 220 2515 52
241 2482 252 2525 ΙΙ
271 2485 314 2515 29
342 2483 534 2528 magnum]
561 2484 602 2518 A.
630 2483 680 2517 III
706 2486 774 2517 525

211 2604 231 2634 6
257 2599 361 2634 funes
387 2601 516 2635 addidi
546 2602 557 2645 ΙΙ
591 2606 608 2635 7
636 2600 764 2646 uirago
793 2602 823 2635 C
844 2603 856 2646 Η
886 2607 906 2637 8
933 2601 1151 2647 Epidaetiae
1177 2603 1325 2656 scripsi:
1357 2602 1519 2647 epidaeti
1546 2602 1576 2637 (J
1597 2604 1609 2647 ΙΙ
1642 2606 1661 2636 9
1688 2602 1811 2636 inhac-

117 2647 251 2692 rentia]
280 2647 475 2682 morientia
501 2648 561 2692 ΡΙΙ
583 2653 623 2682 12
652 2650 700 2684 ad
724 2660 755 2684 v.
784 2653 847 2683 721
876 2649 1043 2695 Resides]
1076 2649 1202 2694 pigros
1230 2651 1382 2694 (pigras)
1411 2678 1417 2684 .
1441 2678 1447 2684 .
1470 2679 1476 2685 .
1505 2651 1713 2694 nupturam.
1758 2661 1811 2683 rc-

117 2693 214 2728 sides
247 2705 333 2729 sane
366 2694 513 2739 proprie
548 2696 732 2741 principes
768 2696 877 2731 otiosi
911 2698 948 2732 ct
982 2697 1079 2742 pigri
1115 2697 1301 2731 dicuntur:
1340 2698 1435 2732 unde
1471 2697 1599 2731 contra
1633 2697 1812 2731 instantes

117 2740 274 2775 dicimus
300 2741 508 2776 industrios
539 2742 574 2776 1²
590 2743 602 2787 ΙΙ
630 2747 670 2777 15
698 2743 809 2777 nullis
835 2744 911 2777 BL
944 2744 1049 2788 (nulli
1075 2745 1100 2788 Z)
1133 2746 1144 2788 Η
1176 2744 1315 2779 resides
1342 2756 1429 2778 sanc
1457 2773 1463 2778 .
1489 2772 1522 2778 ..
1550 2744 1645 2779 viros
1679 2745 1813 2778 me'cl

116 2789 215 2822 dedit
240 2789 281 2822 in
306 2791 405 2822 texta
442 2790 453 2832 ΙΙ
492 2793 534 2823 18
568 2791 615 2824 ad
639 2802 670 2826 v.
700 2794 766 2825 723
800 2790 910 2832 Quies
936 2791 1070 2836 epulis]
1098 2793 1251 2836 propter
1283 2792 1445 2835 regalem
1474 2791 1712 2825 affluentiam.
1744 2792 1779 2823 1²
1802 2792 1812 2835 ᾖ,

122 2839 163 2869 19
191 2835 305 2869 fames
326 2837 477 2880 propter
497 2838 649 2871 naturae
675 2838 954 2881 necessitatem,
980 2850 1053 2873 non
1074 2840 1198 2873 autem
1218 2839 1410 2872 luxuriam.
1439 2839 1476 2871 J)
1495 2840 1507 2882 ΙΙ
1526 2842 1566 2871 21
1597 2838 1812 2881 poculorum

116 2893 201 2916 nam
227 2882 311 2916 ideo
338 2883 504 2926 sequitur
529 2884 690 2918 crateras
716 2885 853 2919 Daniel
878 2897 895 2920 e
922 2886 1128 2920 &assellam
1154 2890 1194 2920 ut
1218 2887 1361 2920 videtin·
1391 2886 1403 2929 {l
1427 2890 1472 2919 22
1500 2886 1548 2919 ad
1574 2896 1603 2918 v.
1632 2889 1699 2918 724
1727 2884 1809 2919 Cra-

117 2930 231 2974 teras]
265 2940 438 2973 graecum
465 2958 471 2964 .
495 2958 501 2964 .
524 2958 530 2964 .
557 2931 654 2965 unde
680 2930 827 2966 Persius
862 2932 913 2967 ‘si
944 2933 1013 2967 tibi
1046 2935 1207 2968 crateras
1240 2932 1384 2977 argenti
1415 2932 1623 2975 iniustaque
1657 2932 1809 2966 multo'.

117 2975 228 3021 Vina]
255 2988 321 3020 pro
347 2976 489 3021 poculis
516 2978 648 3022 posuit.
688 2979 888 3025 Coronant]
916 2982 1039 3014 autem
1067 2980 1147 3023 (ait)
1168 2981 1307 3019 estant
1326 2979 1483 3023 implent
1510 3007 1515 3013 .
1537 3007 1543 3012 .
1569 3008 1574 3012 .
1602 2989 1711 3013 mero.
1743 2979 1778 3011 1¹
1801 3014 1802 3022 ἵ

118 3026 163 3056 24
187 3022 402 3067 inclusaque
428 3024 512 3058 LH
519 3025 566 3058 M
591 3025 727 3066 (Persii
745 3036 884 3060 versum
904 3038 968 3061 om.
990 3028 1038 3070 R)
1057 3028 1069 3071 ΙΙ
1089 3030 1132 3060 28
1159 3026 1327 3061 libabant
1351 3027 1385 3059 Ji
1395 3026 1437 3059 II.
1444 3026 1489 3059 M
1497 3040 1506 3058 :
1532 3025 1710 3060 bibebant
1730 3026 1765 3059 1²
1780 3030 1811 3060 et

119 3069 254 3104 Daniel
279 3070 399 3105 libant
424 3071 456 3104 L
482 3071 663 3114 (libabant
691 3074 715 3115 l)
746 3074 757 3117 ΙΙ
786 3077 829 3107 29
863 3086 973 3108 mero.
1024 3075 1095 3108 hoe
1121 3074 1278 3107 tractum
1306 3073 1364 3106 est
1389 3084 1430 3106 cx
1458 3073 1635 3116 Homero,
1669 3072 1732 3116 qui
1759 3073 1811 3107 ait

119 3114 157 3148 in
183 3116 295 3151 Iliade
322 3118 350 3161 (Ι
377 3122 458 3162 470)
485 3119 613 3163 κοῦροι
639 3118 707 3164 μὲν
734 3121 917 3164 κρητῆρας
943 3118 1196 3164 ἐπεστέψαντο
1223 3124 1351 3153 ποτοῖο
1382 3120 1415 3152 1)

1840 921 1881 951 10

1841 1275 1881 1304 15

1840 1984 1882 2012 25
