2204 3437
367 190 452 230 550
1131 184 1289 219 §mvn

364 298 450 351 filio
482 296 636 350 Pylade
675 297 886 338 educatum
926 296 967 336 in
1005 295 1190 336 adultam
1220 295 1415 347 perduxit
1451 297 1631 335 aetatem.
1691 295 1762 346 qui
1801 297 1843 335 ut
1870 294 2056 347 prim-um

366 370 412 410 dc
442 368 582 409 scelere
612 368 757 408 matris
788 381 836 408 ac
866 370 990 408 morte
1013 367 1153 419 patris
1185 366 1364 419 aynovit,
1395 366 1502 406 ‘ceint
1534 365 1730 418 Mycenas
1759 368 1796 406 ct
1825 366 2055 407 adiuvanti-

367 440 438 481 bus
468 439 598 480 amico
630 439 785 492 Pylade
815 442 852 479 ct
881 452 1015 480 sorore
1051 438 1229 488 Electra,
1268 435 1572 491 Clytemestram
1610 438 1780 477 matrem
1817 450 1907 478 cum
1943 437 2056 478 adul-

369 514 449 552 tero
490 510 677 564 Acyistho
722 510 885 551 occidit:
929 510 975 551 ob
1014 523 1137 563 quam
1174 523 1256 550 ‘rem
1296 508 1552 561 aliquamdiu
1587 507 1714 559 furiis
1751 507 1959 561 ayentibus
1996 509 2058 550 in-

320 590 339 620 5
366 582 504 624 saniit.
565 595 662 623 sane
700 579 1088 635 eAyamemnonius’
1134 594 1214 622 non
1251 583 1308 621 cst
1335 579 1671 633 patronymicon:
1715 592 1814 620 naui
1865 577 2059 632 ‘Ayame-

367 652 596 695 mnonides'
632 653 763 705 facere
803 652 946 694 debuit.
1008 665 1097 705 cryso
1134 651 1237 692 sicut
1274 649 1362 703 <VI
1393 650 1508 704 489>
1552 649 2063 703 Ayaoncmnoniaequc

360 725 647 778 plialanyes.
783 734 972 766 SCAENIS
1018 733 1248 764 AG1'rATvs
1292 721 1499 775 famosus,
1540 721 1779 763 celebratus
1811 721 2060 775 tragoediis,

367 797 542 850 qualiter
572 810 599 837 a
632 795 800 838 Graccis
831 797 876 836 in
907 809 1052 836 scaena
1090 794 1310 835 inducitur.
1362 795 1403 835 et
1430 791 1679 848 ‘agitatus',
1713 792 1812 847 quia
1843 795 1886 833 et
1916 791 2060 845 furuit,

371 870 413 909 et
446 868 607 909 multae
640 870 738 908 sunt
769 867 819 908 de
853 881 900 908 eo
933 865 1196 920 tragoediae:
1229 865 1352 919 quasi
1384 864 1627 918 frequenter
1659 865 1790 905 aetus.

301 945 343 975 10
487 940 583 981 472.
634 950 856 980 ARMATAM
889 948 1081 979 MATREM
1114 951 1286 978 causam
1312 936 1451 990 ipsam
1482 935 1650 976 furoris.
1757 951 1834 977 CVM
1859 951 1980 976 FVGIT
2007 935 2062 976 act

369 1012 508 1052 deum:
539 1011 707 1052 credidit
734 1010 951 1051 ceritatem.

488 1082 585 1123 473.
635 1093 813 1123 SEDENT
859 1093 907 1121 IN
946 1091 1106 1121 LmnNE
1146 1089 1286 1119 DJRAE
1331 1093 1355 1119 a
1399 1076 1586 1118 Pacuvio
1631 1076 1802 1118 Orestes
1846 1076 2060 1118 inducitur

369 1153 543 1208 Pyladis
577 1153 797 1194 admonitu
828 1154 1002 1206 propter
1041 1150 1234 1192 vitandas
1273 1149 1406 1190 furias
1445 1149 1662 1204 ingressus
1700 1148 1916 1202 Apollinis
1955 1150 2060 1189 tem-

370 1225 507 1279 plum:
541 1225 650 1266 unde
684 1239 778 1266 eum
810 1223 940 1265 vellet
979 1223 1108 1276 exire,
1146 1221 1430 1262 invadebatur
1468 1235 1492 1260 a
1528 1220 1662 1261 furiis.
1723 1220 1823 1261 hine
1861 1233 1961 1274 ergo
1994 1221 2059 1260 est

302 1300 344 1331 15
372 1296 542 1337 ‘sedent
573 1296 617 1336 in
649 1295 794 1335 limine
827 1293 972 1335 dirae’.
1034 1293 1110 1335 alii
1140 1293 1296 1345 dicunt,
1334 1291 1447 1344 quia,
1480 1304 1571 1332 cum
1602 1291 1806 1332 absolutus
1836 1291 1881 1332 in
1914 1290 2057 1343 tempto

372 1368 596 1420 DIincwae,
628 1368 674 1408 cte
704 1366 853 1407 iudicio
885 1365 1019 1415 exiret,
1052 1378 1078 1405 a
1105 1364 1233 1416 furiis
1265 1365 1473 1415 conreptus
1502 1364 1568 1402 est.

489 1439 587 1480 474.
639 1454 820 1480 coNCEPJT
847 1453 991 1478 FVRJAS
1018 1436 1158 1488 furore
1195 1435 1389 1488 completa
1426 1436 1491 1474 est.
1559 1436 1596 1474 ct
1631 1433 1798 1485 quidam
1842 1431 2062 1485 ‘furorem'

365 1524 444 1564 pro
477 1511 575 1552 bono
607 1513 644 1551 et
673 1509 876 1550 innocenti
906 1511 1017 1549 motu
1047 1507 1262 1560 accipiunt,
1295 1503 1470 1558 ‘furias’
1510 1518 1663 1558 semper
1686 1518 1765 1557 pro
1796 1504 1916 1546 malo.
1977 1517 2065 1545 con-

374 1582 475 1635 cepit
505 1595 594 1634 erqo
623 1581 816 1633 fauorem,
844 1581 1058 1632 postquam
1089 1577 1224 1619 amori
1254 1575 1367 1617 dolor
1398 1575 1598 1616 ‘inmixtus
1628 1578 1694 1617 cst.

304 1657 348 1688 20
492 1652 589 1694 475.
642 1668 791 1694 TEMPVS
818 1668 947 1693 SECVM
969 1667 1055 1692 JPSA
1082 1665 1299 1695 MODVMQJ'E
1329 1645 1536 1700 ‘tempu-3³,
1574 1647 1619 1688 id
1653 1650 1712 1688 cst
1746 1647 1925 1700 quando,
1965 1645 2065 1688 ‘ono-

374 1722 504 1774 dum'‚
537 1724 581 1765 id
610 1727 667 1765 est
695 1737 771 1776 quo
802 1723 918 1764 modo
949 1725 986 1763 et
1014 1734 1096 1774 qua
1126 1723 1262 1761 morte.

493 1795 592 1836 476.
641 1812 777 1837 EXIGIT
805 1795 861 1835 ad
895 1796 1046 1835 certwn
1082 1791 1244 1845 rediyit,
1281 1793 1327 1831 ut
1369 1789 1497 1832 solent
1523 1790 1710 1843 pondera
1746 1788 1776 1842 ἦ·
1795 1789 1905 1831 <iures
1942 1793 1979 1831 et
2013 1790 2069 1831 ad

376 1870 561 1908 exactum
591 1866 740 1920 redigi:
773 1879 862 1919 erqo
893 1865 1044 1918 definit.

494 1938 590 1979 477.
643 1953 851 1979 commi-M
881 1952 1008 1978 ιἰἰΤν
1033 1952 1146 1977 TEGJT
1172 1937 1218 1975 ut
1249 1933 1298 1987 <I
1330 1932 1445 1986 209>
1478 1946 1605 1985 speon
1635 1932 1772 1973 vultu
1801 1932 2019 1973 simulat.

308 2014 351 2045 25
434 2020 552 2051 VIAM
584 2008 812 2061 rationem,
844 2007 1087 2048 remedium:
1125 2007 1186 2046 ita
1211 2005 1317 2046 enini
1349 2003 1510 2056 antiqui
1540 2003 1736 2057 dicebant,
1774 2006 1820 2043 ut
1858 2003 1938 2056 ipsc
1969 2003 2070 2044 alibi

379 2079 470 2134 <VI
502 2080 616 2133 367>
649 2083 734 2120 aut
764 2082 832 2130 tu,
863 2079 1005 2131 siqua
1035 2079 1114 2119 via
1145 2080 1222 2119 cst.

477 2203 517 2232 12
545 2210 567 2233 a
591 2196 772 2242 Pacuvio]
799 2194 843 2231 ef.
869 2195 976 2230 Ribb.
1003 2195 1096 2239 trag.
1123 2193 1186 2227 rel.
1216 2205 1249 2238 p.
1279 2197 1345 2227 134
1373 2192 1427 2226 ed.
1455 2192 1488 2226 Π

479 2311 495 2340 1
523 2305 695 2350 produxit
719 2304 856 2338 Daniel
886 2304 898 2347 ss
935 2306 954 2336 2
983 2301 1158 2344 cognovit
1183 2301 1272 2334 coni.
1300 2299 1477 2344 Haycnus
1506 2299 1518 2342 ΙΙ
1549 2297 1709 2332 micenas
1736 2297 1775 2331 F
1809 2308 1977 2332 mecenas
2006 2297 2039 2331 T
2060 2298 2069 2332 3}

381 2358 400 2389 3
429 2353 551 2399 pilade
577 2353 657 2387 FT
673 2355 684 2398 ΙΙ
705 2351 982 2396 clytemastram
1010 2348 1049 2383 F
1064 2350 1076 2393 ΙΙ
1095 2352 1116 2382 4
1142 2347 1280 2382 insanit
1305 2346 1345 2381 F
1377 2345 1555 2380 insaniuit
1583 2345 1615 2379 T
1631 2346 1642 2389 ΙΙ
1663 2349 1682 2379 5
1710 2356 1796 2380 sane
1824 2373 1830 2379 .
1853 2374 1860 2380 .
1883 2372 1889 2378 .
1915 2344 2068 2389 phalan-

1419 2417 1437 2434 V

381 2461 444 2493 ges
474 2452 555 2493 post
586 2447 795 2491 frequenter
827 2446 930 2480 actus
961 2445 1040 2480 hab.
1069 2443 1108 2478 F
1135 2444 1147 2487 Η
1184 2441 1437 2487 patronomico
1467 2440 1500 2474 T
1533 2442 1545 2485 ΙΙ
1583 2445 1602 2475 6
1629 2439 1738 2485 sieut]
1773 2438 1824 2474 sie
1850 2437 1990 2473 dictum
2017 2438 2072 2472 est

382 2496 693 2540 quemadmodum
718 2494 749 2527 T
763 2495 775 2538 ΙΙ
796 2498 813 2528 7
835 2492 1001 2537 falanges
1022 2491 1102 2525 FT
1116 2492 1128 2535 11
1147 2491 1195 2525 aa
1220 2490 1360 2525 scaenis
1386 2489 1548 2534 agitatus
1573 2499 1672 2532 supr.
1698 2498 1786 2522 cers.
1812 2485 1975 2520 famosus
2003 2512 2010 2519 .
2033 2513 2039 2519 .
2063 2513 2069 2519 .

383 2543 569 2578 inducitur
598 2543 629 2576 T
658 2543 669 2586 ΙΙ
702 2554 818 2576 semis
845 2543 968 2574 autem
994 2551 1165 2574 AGITATVS
1194 2537 1233 2571 F
1259 2539 1271 2581 ΙΙ
1301 2535 1504 2581 tragoediis
1531 2537 1568 2570 et
1593 2535 1754 2579 agitatus
1781 2544 1845 2568 om.
1872 2532 1916 2567 H
1942 2534 1954 2577 ΙΙ
1989 2536 2008 2567 8
2035 2533 2073 2566 et

383 2590 560 2636 agitatus]
588 2589 749 2635 agitatus
777 2589 901 2622 autem
927 2587 966 2621 F
993 2588 1004 2631 ΙΙ
1036 2587 1073 2620 et
1096 2585 1212 2619 furuit
1237 2588 1275 2619 et
1300 2584 1455 2630 multae]
1490 2582 1605 2617 furuit
1631 2583 1667 2617 et
1690 2581 1795 2616 furiis
1821 2580 1982 2625 agitatus
2010 2581 2074 2613 aut

383 2638 470 2682 quia
496 2637 634 2671 multae
665 2636 704 2670 F
719 2638 730 2681 ΙΙ
749 2634 878 2680 furuit]
908 2635 1019 2669 etiam
1043 2633 1122 2678 ipse
1149 2633 1231 2667 aaa.
1259 2632 1290 2665 L
1310 2634 1321 2674 ΙΙ
1348 2635 1367 2665 9
1395 2631 1513 2665 multa
1539 2630 1571 2663 L
1590 2631 1601 2674 ΙΙ
1629 2634 1671 2664 10
1699 2639 1808 2663 causa
1833 2627 1948 2672 ipsius
1975 2626 2072 2661 furo-

384 2685 432 2719 ris
459 2685 502 2719 II
516 2686 528 2729 ll
548 2684 594 2720 ad
621 2683 729 2718 deum
754 2683 902 2726 scripsi:
929 2681 976 2716 ad
1002 2692 1086 2715 eum
1113 2679 1152 2714 F
1167 2681 1179 2724 ll
1201 2683 1240 2713 11
1269 2678 1424 2713 eredidit
1449 2677 1659 2721 veritatem]
1688 2675 1850 2711 credidte
1877 2674 2072 2709 ueritatem

385 2734 467 2776 lenit
482 2733 657 2776 Hayenus
682 2744 750 2765 cvm
772 2731 890 2774 FVGIT]
912 2731 952 2764 ut
974 2725 1164 2772 εὐμενίδα,
1185 2727 1403 2761 temeratam
1423 2725 1470 2759 F.
1483 2725 1678 2759 Schoellius
1697 2725 1708 2768 ΙΙ
1731 2727 1770 2757 13
1786 2721 1947 2767 philadis
1962 2721 2045 2755 LH
2061 2720 2073 2766 11

384 2779 587 2814 uisitandas
614 2779 653 2812 F
675 2780 687 2822 ΙΙ
714 2782 755 2812 14
782 2776 951 2811 undecim
981 2776 1039 2818 M,
1065 2785 1154 2809 corr.
1184 2786 1212 2807 m
1240 2776 1251 2818 ss
1281 2777 1322 2807 15
1349 2772 1437 2817 quia
1460 2773 1608 2816 scripsi:
1634 2771 1696 2815 qui
1723 2770 1762 2804 F
1796 2769 1895 2813 quod
1922 2768 2071 2803 Comme-

385 2828 483 2861 Iinus
502 2828 513 2871 Η
532 2826 721 2861 absolutos
749 2824 787 2859 F
803 2827 814 2868 ΙΙ
843 2828 885 2859 16
911 2822 1042 2857 iuditio
1071 2821 1109 2856 F
1125 2823 1136 2866 ΙΙ
1164 2826 1205 2856 17
1233 2822 1280 2855 acl
1307 2819 1475 2864 concepit
1499 2819 1612 2854 furias
1637 2830 1736 2862 supr.
1762 2828 1848 2852 vers.
1875 2817 2071 2860 postquam

385 2876 505 2908 furore
533 2873 718 2918 completa
746 2874 801 2906 est
826 2873 863 2906 et
888 2870 1003 2905 amori
1037 2869 1107 2903 fuit
1138 2869 1243 2903 dolor
1275 2867 1461 2901 admixtus
1492 2867 1643 2911 propter
1675 2876 1815 2899 aenean
1844 2863 1876 2897 T
1904 2863 1916 2907 ΙΙ
1955 2867 1998 2897 20
2025 2863 2072 2896 ad

385 2922 531 2966 tempus
556 2932 654 2964 supr.
682 2931 768 2954 vers.
795 2919 833 2953 id
859 2919 915 2953 est
939 2917 1102 2962 quando,
1130 2917 1178 2950 ad
1204 2915 1424 2957 modumque
1450 2925 1550 2958 supr.
1576 2924 1662 2947 vers.
1689 2912 1757 2946 hoe
1785 2912 1840 2945 est
1865 2921 1936 2954 quo
1963 2909 2072 2944 modo

387 2970 423 3002 et
454 2979 526 3011 qua
559 2969 677 3001 morte
709 2970 739 3001 ct
774 2967 818 3001 ab
851 2966 927 3000 alia
952 2975 1064 2999 mauu
1089 2965 1129 2997 ‘in
1154 2973 1265 3007 mara.
1293 2961 1514 3005 qualitatem
1546 2959 1674 2994 mortis
1703 2959 1736 2992 T
1761 2960 1765 3003 Ι
1810 2961 1853 2991 22
1887 2957 1934 2991 acl
1959 2955 2074 3000 exigit

386 3027 483 3059 supr.
510 3026 597 3049 vers.
625 3014 752 3048 definit
779 3012 970 3048 constituit
996 3015 1027 3046 ct
1052 3011 1096 3045 ab
1123 3011 1200 3044 alia
1225 3021 1333 3043 mauu
1361 3008 1542 3043 deliberat
1571 3007 1602 3041 T
1629 3009 1640 3050 ΙΙ
1671 3006 1767 3040 uires
1793 3006 1831 3039 et
1856 3003 2010 3046 Daniel,
2038 3004 2074 3037 et

386 3062 481 3096 vires
502 3062 716 3097 Mascicius.
756 3060 897 3094 numeri
924 3059 1023 3093 modi
1046 3057 1093 3092 F.
1112 3057 1317 3091 Scleoellius.
1344 3057 1495 3099 fortasse
1520 3053 1648 3089 librari
1674 3054 1712 3087 et
1729 3054 1741 3097 ΙΙ
1759 3056 1803 3086 23
1830 3050 1948 3095 redigi
1970 3051 2072 3085 Mas-

386 3110 518 3143 victus:
544 3108 669 3153 redige
696 3108 734 3142 F
751 3109 762 3152 ΙΙ
781 3112 825 3141 24
852 3108 899 3141 ad
926 3117 1027 3150 spem
1052 3105 1172 3139 fronte
1200 3105 1344 3138 serenat
1367 3114 1465 3147 supr.
1488 3112 1574 3136 ‘cers
1602 3100 1790 3135 hilaritate
1816 3098 1979 3133 occultat
2007 3097 2039 3131 T
2062 3096 2074 3142 Η

388 3160 431 3190 25
458 3157 505 3190 acl
531 3155 627 3190 viam
656 3157 694 3189 in
719 3165 831 3199 mary.
858 3153 956 3188 uiam
983 3153 1021 3187 id
1048 3153 1102 3187 est
1128 3151 1308 3186 rationem
1334 3149 1535 3185 remedium
1562 3177 1568 3183 .
1598 3177 1604 3183 .
1633 3175 1639 3181 .
1667 3147 1728 3181 uia
1753 3147 1808 3181 est
1837 3145 1868 3179 T
