2132 3354
915 113 1199 150 PRAEFATIO.
1866 122 1896 155 V

211 235 306 262 cum
354 235 403 262 ea
441 235 546 275 quae
588 221 638 263 de
677 222 883 276 plenioris
925 223 1223 264 commentarii
1261 224 1424 279 origine
1457 225 1562 266 locis
1596 227 1778 269 laudatis
1812 229 1897 270 dixi

215 291 441 333 maximam
488 294 655 346 partem
703 292 923 346 amplexus
970 293 1043 346 sit,
1095 293 1187 334 fieri
1231 309 1317 336 non
1361 296 1501 350 potuit
1546 297 1645 350 quin
1691 298 1895 351 quaedam

215 375 355 403 eorum
399 365 627 417 occuparet
658 377 765 417 quae
797 363 842 404 in
874 363 954 404 hac
986 364 1251 417 praefatione
1284 366 1552 420 expositurus
1586 382 1689 409 sum.
1747 369 1818 409 sed
1852 372 1898 409 ut

213 431 378 474 mittam
420 434 473 489 ad
515 449 564 475 ea
605 434 654 475 de
696 433 847 488 quibus
894 434 1184 476 consentimus
1224 436 1486 477 defendenda
1522 452 1608 478 non
1648 438 1793 479 eadem
1832 454 1896 479 me

212 516 296 556 qua
322 504 441 545 illum
469 505 537 546 via
562 505 803 560 ingressum
829 518 940 559 esse,
972 505 1109 546 habeo
1141 520 1247 560 quae
1274 506 1390 547 illius
1418 506 1702 560 disputationi
1734 508 1896 563 addam,

212 576 309 614 sunt
341 575 468 616 etiam
500 576 549 616 de
581 575 735 630 quibus
768 574 877 615 inter
909 589 986 616 nos
1018 590 1104 616 non
1131 576 1368 618 conveniat.
1410 576 1574 618 duabus
1601 581 1744 619 tamen
1770 579 1895 620 rebus

210 643 366 685 librum
403 646 521 686 illum
559 660 645 687 non
685 646 863 701 exiguae
903 646 1009 687 mihi
1050 647 1229 688 utilitati
1269 647 1399 689 fuisse
1433 648 1649 689 confiteor.
1711 649 1895 702 primum

210 715 322 755 enim
355 715 540 757 Thomas
574 717 617 757 in
650 717 858 758 Parisinis
892 717 1186 772 bibliothecis,
1229 733 1334 772 quas
1366 718 1409 759 in
1441 719 1521 760 hoc
1553 719 1795 760 litterarum
1828 734 1895 775 ge-

207 800 306 826 nere
346 787 529 841 egregiis
568 788 865 829 instrumentis
905 788 1120 829 abundare
1161 791 1347 843 constat,
1389 789 1522 830 libros
1562 789 1743 843 aliquot,
1790 806 1895 845 quos

208 857 313 897 mihi
352 857 528 900 Parisiis
567 859 756 900 versanti
795 861 970 913 propter
1011 860 1215 914 temporis
1255 860 1479 914 angustias
1510 861 1594 901 nisi
1626 860 1777 902 leviter
1808 877 1895 903 non

208 927 329 969 licuit
360 928 588 984 inspicere,
621 930 859 971 accuratius
892 930 1094 971 tractavit
1133 932 1259 985 atque
1298 945 1383 971 non
1420 946 1555 984 pauca
1588 931 1684 972 inde
1716 933 1896 985 protulit

208 1013 314 1052 quae
346 1014 414 1041 me
445 998 658 1054 fugerunt.
716 1000 865 1041 deinde
898 1015 1005 1054 quae
1039 1000 1092 1041 ad
1124 1001 1346 1055 utriusque
1380 1002 1675 1043 commentarii
1706 1002 1894 1045 rationes

206 1070 520 1123 cognoscendas
552 1071 676 1112 utilia
709 1071 964 1112 videbantur
996 1070 1223 1126 diligenter
1264 1071 1437 1126 collegit
1469 1076 1511 1112 et
1543 1075 1641 1126 apte
1672 1073 1895 1128 disposuit,

205 1154 289 1194 qua
325 1155 370 1182 re
412 1155 508 1182 cum
545 1142 653 1182 mihi
692 1142 878 1196 aliquam
917 1142 1077 1183 laboris
1118 1144 1284 1195 partem
1316 1143 1472 1184 minuit
1502 1146 1593 1184 tum
1628 1158 1773 1185 eorum
1809 1147 1893 1186 stu-

204 1210 282 1251 diis
328 1212 496 1267 egregie
542 1212 757 1254 consuluit
805 1212 876 1267 qui
914 1214 1104 1254 veterum
1137 1212 1324 1268 Vergilii
1362 1214 1645 1268 interpretum
1691 1215 1892 1269 reliquias

203 1282 448 1324 tractandas
482 1298 506 1324 a
536 1283 661 1325 nobis
695 1283 940 1337 suscipient.

323 1352 403 1394 Sed
442 1356 489 1394 ut
528 1354 579 1394 ad
617 1369 706 1395 rem
744 1354 883 1408 ipsam
921 1355 1118 1396 accedam
1158 1357 1200 1396 et
1239 1370 1439 1410 quaeram
1481 1371 1582 1397 num
1615 1357 1692 1397 illa
1725 1363 2104 1423 quoquefossffissiii‘iiijsi

204 1437 308 1477 quae
346 1423 589 1478 pleniorum
627 1424 835 1466 librorum
874 1426 1050 1478 propria
1088 1427 1174 1468 sint
1212 1441 1261 1468 ex
1300 1427 1469 1481 integro
1505 1426 1640 1469 Servii
1679 1443 1889 1470 commen·
1928 1434 2073 1494 C‘ffill‘sg-Si·

200 1494 312 1535 tario
350 1494 574 1536 videantur
613 1495 867 1550 deprompta
905 1511 1014 1550 esse,
1058 1497 1213 1551 duplex
1251 1500 1332 1551 est,
1366 1502 1411 1539 ut
1450 1500 1688 1553 generatim
1729 1500 1891 1554 loquar,

205 1580 350 1606 eorum
376 1565 507 1606 ratio:
542 1569 616 1607 aut
642 1567 755 1607 enim
781 1567 874 1620 ipsa
900 1568 1076 1621 vulgata
1102 1568 1266 1609 scholia
1294 1569 1352 1609 eis
1380 1570 1650 1623 supplentur,
1683 1575 1757 1612 aut
1781 1586 1892 1613 nova

200 1635 494 1691 proferuntur,
533 1651 640 1691 quae
679 1637 849 1678 etiamsi
882 1652 906 1678 a
938 1638 1123 1692 vulgatis
1157 1641 1354 1692 separata
1387 1654 1461 1693 per
1494 1655 1537 1681 se
1571 1643 1735 1694 spectes
1770 1656 1890 1683 suam

200 1708 345 1747 tamen
388 1706 550 1748 habent
595 1707 849 1762 dignitatem
895 1708 983 1749 sive
1028 1724 1094 1750 res
1140 1709 1191 1750 ad
1236 1709 1420 1765 Vergilii
1464 1711 1593 1752 verba
1641 1713 1892 1766 explicanda

200 1777 326 1818 utiles
359 1777 447 1818 sive
474 1778 852 1831 interpretationes
878 1779 1153 1833 praebentur,
1186 1795 1364 1834 quarum
1390 1781 1434 1821 in
1460 1782 1652 1824 breviore
1680 1798 1889 1825 commen-

199 1848 309 1889 tario
342 1848 461 1889 nulla
492 1849 653 1890 mentio
686 1849 800 1890 facta
833 1851 908 1890 est.
954 1849 1059 1891 haec
1090 1864 1202 1891 nova
1233 1853 1376 1892 autem
1409 1853 1597 1907 vulgatis
1631 1857 1703 1894 aut
1729 1854 1891 1896 inserta

199 1918 266 1959 vel
308 1920 490 1960 arctiore
543 1919 728 1974 quodam
774 1919 942 1960 vinculo
989 1935 1084 1961 cum
1127 1920 1185 1961 eis
1232 1922 1475 1976 coniuncta,
1521 1926 1594 1964 aut
1639 1925 1890 1978 simpliciter

199 1988 343 2030 addita
375 1990 441 2030 vel
474 1990 626 2031 leviter
659 1990 822 2032 adnexa
855 1993 971 2044 sunt,
1006 1994 1080 2032 aut
1116 1991 1296 2046 denique
1324 1993 1375 2034 ad
1397 1993 1579 2048 Vergilii
1605 1996 1735 2036 verba
1761 1996 1888 2049 perti-

201 2062 320 2114 nent,
354 2060 403 2101 de
436 2061 588 2115 quibus
620 2062 666 2103 in
697 2061 891 2103 breviore
925 2063 1230 2123 commentario
1263 2064 1373 2104 nihil
1405 2064 1566 2106 dictum
1600 2069 1677 2107 est.

316 2130 457 2185 Atque
501 2133 800 2186 supplementa
846 2133 1016 2188 quidem
1060 2135 1332 2190 vulgatorum
1378 2135 1637 2178 scholiorum
1688 2151 1887 2191 magnam

198 2203 366 2255 partem
406 2202 632 2244 admodum
673 2204 821 2246 brevia
853 2209 952 2246 sunt
984 2208 1110 2260 atque
1143 2210 1231 2248 tam
1264 2207 1384 2260 vilia,
1422 2210 1469 2249 ut
1499 2207 1622 2249 facile
1656 2209 1715 2249 eis
1750 2223 1887 2250 carea-

197 2286 310 2326 mus,
342 2273 475 2314 veluti
507 2274 581 2314 illa
614 2289 720 2328 quae
752 2290 791 2328 p.
826 2276 868 2329 7,
900 2276 973 2329 21,
1006 2275 1050 2329 9,
1086 2277 1154 2331 143
1188 2278 1260 2327 2Ο,
1293 2278 1366 2331 223
1400 2278 1474 2331 21,
1507 2279 1533 2319 2
1567 2280 1609 2320 et
1640 2279 1684 2333 93
1718 2280 1786 2333 22,
1814 2281 1885 2334 233

197 2343 270 2396 23,
306 2344 325 2383 1
366 2341 452 2398 ((ἀο
490 2344 681 2400 10111133),
723 2346 797 2399 29,
833 2346 885 2387 18
928 2349 970 2387 et
1017 2346 1086 2401 193
1136 2348 1235 2402 114,
1277 2349 1325 2388 11
1368 2363 1388 2389 0
1428 2347 1676 2391 Oassellano
1715 2354 1885 2405 recepta

196 2416 306 2454 sunt.
367 2414 472 2456 haec
517 2417 560 2457 et
602 2415 670 2456 his
715 2416 871 2457 similia
915 2419 1057 2458 utrum
1103 2418 1156 2458 ab
1200 2419 1295 2472 ipso
1340 2419 1548 2461 brevioris
1590 2423 1885 2463 commentarii

197 2485 403 2539 scriptore
445 2486 638 2540 profecta
677 2491 718 2528 et
757 2488 824 2529 vel
857 2488 1147 2530 breviatorum
1180 2490 1356 2532 libidine
1390 2492 1559 2533 sublata
1592 2493 1658 2534 vel
1691 2493 1883 2534 librario-

195 2571 290 2597 rum
322 2556 597 2611 neglegentia
629 2558 806 2610 omissa,
839 2573 893 2599 an
924 2558 1123 2601 inferiore
1156 2563 1296 2602 aetate
1329 2564 1376 2602 ut
1408 2562 1574 2603 facilius
1602 2563 1701 2616 quid
1731 2564 1884 2604 voluis-

197 2630 261 2668 set
310 2627 383 2668 ille
428 2628 750 2683 intellegeretur
800 2628 944 2670 addita
994 2630 1097 2685 sint,
1148 2631 1218 2672 vix
1264 2635 1409 2686 potest
1458 2633 1691 2674 diiudicari.
1754 2634 1883 2675 etiam

195 2698 389 2752 exempla
435 2713 542 2752 quae
586 2699 753 2754 vulgati
792 2702 1086 2743 commentarii
1117 2705 1357 2757 praeceptis
1390 2705 1433 2745 in
1465 2704 1731 2758 plenioribus
1764 2705 1883 2745 libris

195 2768 393 2822 adposita
427 2783 518 2810 esse
551 2770 742 2811 videmus
773 2771 900 2812 facile
933 2774 981 2812 ut
1007 2773 1147 2814 omitti
1175 2775 1235 2815 ita
1263 2775 1360 2816 addi
1381 2778 1581 2829 poterant
1601 2774 1670 2829 (cf.
1692 2791 1728 2828 p.
1756 2776 1883 2829 111,-3,

193 2839 266 2892 24,
300 2838 373 2893 253
406 2840 478 2893 27,
511 2840 554 2894 33
588 2841 662 2894 37,
695 2842 758 2896 6),
796 2842 900 2882 item
934 2842 1118 2884 adscribi
1151 2845 1224 2886 ubi
1257 2860 1357 2886 voce
1392 2846 1535 2899 aliqua
1569 2846 1634 2886 vel
1668 2846 1881 2887 locutione

194 2909 280 2950 alia
304 2909 471 2950 ratione
498 2914 627 2964 poeta
648 2926 747 2952 usus
770 2915 882 2953 esset
903 2915 1029 2967 atque
1051 2928 1099 2955 eo
1122 2914 1214 2956 loco
1237 2915 1286 2955 de
1308 2930 1389 2969 quo
1412 2916 1566 2956 dicitur
1589 2914 1657 2971 (cf.
1679 2931 1716 2969 p.
1740 2918 1806 2970 25,
1827 2918 1881 2958 33

193 2981 235 3020 et
270 2980 369 3032 111,
400 2979 482 3033 15).
525 2981 597 3021 sed
629 2981 905 3023 inveniuntur
938 2998 1038 3025 sane
1071 2985 1224 3038 quibus
1258 2986 1434 3039 vulgata
1469 2986 1633 3027 scholia
1666 2990 1755 3028 tam
1784 2991 1881 3041 apte

179 3049 443 3103 *expleantur
475 3064 665 3105 quaeque
697 3054 846 3093 tantae
879 3054 1128 3096 eruditionis
1162 3055 1265 3109 sint,
1298 3058 1455 3097 ut-non
1480 3057 1648 3110 possint
1676 3058 1726 3099 ad
1753 3059 1881 3100 inter-
