2132 3354
270 116 423 151 XXVIII
978 115 1259 151 PRAEFATIO.

271 228 414 265 tamen
441 239 526 265 11011
553 227 696 279 potest
721 224 924 278 dubitari,
952 225 1053 279 quin
1080 225 1133 266 ab
1161 225 1333 266 homine
1361 223 1546 278 scriptus
1573 223 1644 278 sit,
1671 223 1743 278 qui
1768 224 1812 266 in
1837 223 1965 266 inter-

269 295 487 348 pretandis
527 296 799 350 antiquorum
839 295 960 336 libris
1001 310 1070 336 eas
1112 295 1293 336 maxime
1331 310 1399 336 res
1439 296 1630 348 spectare
1663 295 1966 350 consuevisset,

272 380 377 419 quas
405 366 741 407 adulescentium
770 366 952 421 ingeniis
980 366 1219 408 excolendis
1248 366 1421 407 idoneas
1450 379 1542 405 esse
1568 364 1742 406 videret.
1754 364 1786 420 Γ)
1819 365 1963 420 itaque

271 436 383 489 quod
414 435 622 477 Macrobii
654 437 900 478 testimonio
935 436 1040 490 (Sat.
1074 436 1135 477 VI
1168 437 1213 490 6,
1249 435 1291 491 1)
1326 438 1493 477 constat
1525 435 1635 476 idem
1667 449 1719 476 ex
1750 450 1962 478 commen-

271 506 369 546 tarii
402 506 567 547 ratione
600 508 893 561 cognoscitur,
935 507 978 547 in
1012 507 1168 548 scholis
1202 523 1227 548 a
1259 506 1404 548 Servio
1437 508 1623 547 tractata
1656 520 1748 546 esse
1780 505 1964 562 Vergilii

271 576 471 617 carmina.
519 577 616 618 hinc
648 578 924 632 repetendum
958 581 1022 618 est
1055 578 1165 632 quod
1198 577 1576 633 grammaticarum
1608 591 1750 618 rerum
1782 577 1826 618 in
1852 592 1963 619 com-

271 647 478 688 mentario
506 648 601 701 plus
628 648 806 689 rationis
833 648 1029 689 habitum
1057 663 1147 690 esse
1176 648 1364 689 videmus
1392 663 1520 702 quam
1547 650 1798 689 ceterarum.
1831 647 1962 702 quid?

271 717 381 770 quod
404 716 575 759 Servius
603 718 682 760 1100
710 719 849 760 studio
877 720 1078 773 abreptus
1107 719 1354 773 saepissime
1381 719 1419 759 ei
1439 720 1678 772 praecepto,
1700 719 1815 760 cuius
1836 733 1964 760 causa

273 788 316 827 111
355 788 448 841 ipso
487 788 536 829 de
576 804 659 843 quo
692 790 901 843 agebatur
932 789 1114 845 Vergilii
1152 804 1275 830 versu
1307 790 1456 843 inerat,
1489 789 1603 830 aliud
1637 789 1814 843 addidit,
1854 789 1964 843 quod

273 857 323 898 ad
358 858 518 899 similes
552 874 618 899 res
650 860 844 913 pertinet.
907 876 956 902 ea
994 876 1039 902 re
1071 860 1251 902 loannes
1283 860 1543 901 Kirchnerus
1577 860 1603 900 1.
1636 860 1662 901 l.
1696 875 1732 913 p.
1765 860 1850 901 483
1872 875 1963 915 sqq.

273 931 413 969 motus
453 932 534 983 est,
579 932 625 970 ut
663 929 855 972 Servium
896 931 1150 985 ubicumque
1189 931 1299 985 apud
1339 933 1552 972 auctorem
1593 945 1715 971 suum
1753 943 1963 984 gramma-

271 999 402 1040 ticum
440 1003 667 1054 praecepta
698 1000 957 1056 Vergilianis
997 1003 1201 1056 exemplis
1235 1005 1438 1043 exornata
1469 1001 1663 1056 legisset,
1694 1002 1834 1042 totum
1865 1001 1964 1042 titu-

270 1070 356 1110 lum
390 1070 441 1110 ad
474 1071 651 1112 eundem
684 1086 870 1126 versum,
904 1073 975 1126 qui
1009 1088 1032 1114 a
1064 1073 1346 1127 grammatico
1379 1072 1578 1113 laudatus
1618 1073 1749 1125 esset,
1781 1071 1825 1112 in
1864 1086 1962 1113 suos

270 1141 598 1182 commentarios
642 1143 916 1184 transtulisse
962 1144 1184 1185 coniceret.
1255 1158 1340 1184 11011
1384 1157 1493 1197 nego
1542 1142 1738 1196 equidem
1777 1157 1871 1183 011111
1917 1143 1962 1184 111

271 1213 508 1252 ceterorum
542 1214 920 1265 grammaticorum
953 1218 1043 1255 tum
1077 1215 1120 1255 111
1153 1214 1290 1255 Flavii
1323 1213 1452 1267 Capri
1486 1213 1606 1253 libris
1640 1213 1833 1267 legendis
1868 1212 1961 1255 Ser-

270 1280 385 1321 vium
428 1281 755 1335 diligentissime
789 1288 1003 1326 versatum
1036 1300 1127 1326 esse
1161 1287 1203 1326 et
1235 1285 1332 1326 inde
1366 1299 1486 1326 suam
1520 1283 1822 1339 grammaticae
1856 1285 1960 1326 artis

264 1352 491 1392 scientiam
523 1353 735 1408 hausisse,
768 1355 839 1396 sed
872 1355 934 1396 ita
962 1370 1033 1396 eos
1059 1355 1103 1396 in
1130 1354 1484 1397 commentarium
1517 1355 1751 1396 translatos
1786 1370 1889 1410 esse,
1914 1358 1962 1396 ut

264 1423 387 1464 verbi
421 1437 549 1464 causa
581 1439 605 1464 a
637 1424 856 1467 Macrobio
891 1441 912 1466 e
945 1426 1074 1467 Gellii
1108 1427 1218 1468 libro
1247 1427 1383 1467 multa
1409 1426 1622 1479 exscripta
1654 1440 1746 1467 esse
1781 1428 1961 1480 constat,

266 1508 351 1533 non
376 1507 552 1547 possum
586 1494 691 1535 mihi
718 1487 987 1550 persuadere.
1033 1497 1162 1538 immo
1191 1495 1360 1538 Servius
1389 1511 1483 1538 cum
1509 1497 1804 1551 grammaticis
1830 1497 1957 1537 rebus

266 1563 447 1604 maxime
481 1578 653 1618 operam
687 1565 884 1620 dedisset,
916 1570 965 1608 ut
997 1567 1048 1608 ad
1081 1582 1150 1608 eas
1180 1567 1450 1621 exponendas
1489 1567 1586 1620 plus
1625 1567 1667 1607 in
1708 1567 1803 1621 ipso
1842 1581 1959 1621 prae-

267 1634 361 1674 sidii
407 1637 518 1675 esset
561 1650 689 1689 quam
734 1636 787 1677 ad
827 1639 1009 1690 ceteras,
1054 1638 1375 1691 exspatiabatur
1413 1637 1456 1677 in
1501 1652 1549 1678 eo
1583 1651 1737 1691 genere
1782 1637 1958 1678 adnota-

269 1705 490 1758 tionesque
518 1705 612 1746 inde
644 1707 822 1761 petitaS,
856 1707 1049 1761 quamvis
1083 1723 1107 1749 a
1132 1707 1397 1762 Vergilianis
1431 1707 1572 1748 verbis
1607 1707 1772 1748 alienae
1806 1710 1960 1762 essent,

266 1775 573 1816 commentario
607 1791 682 1817 suo
731 1777 1042 1832 adglutinabat.
1113 1778 1316 1832 exemplis
1350 1793 1374 1818 a
1406 1778 1644 1819 Kirchnero
1677 1793 1716 1832 p.
1748 1777 1835 1819 495
1868 1793 1957 1832 sqq.

267 1847 610 1887 commemoratis
644 1847 724 1887 1100
756 1847 881 1902 addo,
927 1863 1008 1903 quo
1049 1849 1218 1903 egregie
1250 1849 1294 1889 ni
1326 1849 1456 1890 fallor
1494 1848 1752 1901 ostenditur,
1788 1862 1874 1889 non
1906 1849 1958 1889 ab

267 1916 579 1956 inconsiderata
624 1920 846 1959 auctorum
892 1919 1132 1960 imitatione
1182 1920 1359 1960 nimiam
1411 1919 1531 1960 illam
1576 1919 1955 1974 grammaticorum

268 1989 594 2039 praeceptorum
645 1988 811 2041 copiam
862 1989 1135 2042 repetendam
1187 2005 1291 2031 esse.
1354 1990 1460 2030 Aen.
1502 1989 1565 2030 IV
1609 1989 1691 2030 231
1745 1989 1857 2030 enim
1902 1989 1954 2030 ad

266 2067 511 2097 PRODERET
563 2057 667 2098 haec
711 2058 843 2100 habes
888 2075 910 2100 a
957 2059 1101 2101 Servio
1154 2061 1367 2114 adscripta
1404 2061 1519 2101 modo
1567 2059 1877 2114 ‘protenderet',
1915 2060 1961 2101 id

269 2130 326 2167 est
343 2131 601 2179 propayaret.
653 2128 869 2183 ‘propagso’
901 2135 1034 2172 aulem
1059 2132 1095 2172 si
1116 2145 1242 2184 yensus
1267 2132 1481 2184 s'e'gsnificct,
1515 2129 1630 2184 ‘pro'
1663 2130 1790 2172 brevis
1821 2134 1887 2185 est,
1913 2135 1958 2173 ut

267 2196 335 2237 ‘sit
364 2196 555 2238 Romana
582 2202 724 2251 potens
757 2200 871 2242 Itala
902 2203 1046 2243 virtute
1070 2201 1294 2255 propczyo’:
1333 2203 1370 2243 si
1401 2203 1447 2242 dc
1478 2201 1620 2242 arbore
1651 2201 1781 2251 dicas,
1806 2202 1956 2253 produ-

266 2267 369 2306 citur
389 2265 521 2320 ⁹pro',
548 2272 592 2309 ut
612 2268 754 2321 ‘flexos
767 2273 1010 2325 propayim‘s
1035 2286 1153 2314 arms
1173 2271 1431 2326 cxspectcmt'.
1465 2272 1628 2313 scilicet
1659 2271 1828 2313 Servius
1845 2272 1957 2326 quod

266 2337 531 2390 propagandi
560 2340 687 2380 verbo
716 2356 816 2382 usus
845 2345 953 2397 erat,
980 2347 1026 2384 ut
1059 2342 1300 2397 ‘proderet’
1330 2343 1430 2397 quid
1458 2343 1538 2384 sibi
1560 2343 1690 2384 vellet
1711 2345 1955 2397 exponeret,

266 2409 413 2460 aptum
447 2422 537 2448 csse
570 2411 737 2462 putavit
769 2412 818 2452 de
852 2411 1084 2467 ‘propago’
1117 2413 1301 2454 nominis
1334 2414 1475 2467 prima
1510 2413 1681 2467 syllaba
1714 2413 1838 2455 modo
1872 2427 1956 2454 cor-

267 2480 387 2531 repta
427 2478 551 2519 modo
591 2482 795 2533 producta
836 2484 1091 2537 praecipere.
1148 2484 1267 2525 nulla
1308 2484 1390 2524 alia
1434 2484 1565 2539 igitur
1595 2498 1658 2536 re,
1699 2483 1781 2524 nisi
1822 2484 1954 2525 nimio

267 2549 356 2589 eius
397 2549 519 2601 artis,
564 2550 606 2590 111
645 2567 728 2605 qua
765 2553 983 2594 habitasse
1026 2569 1121 2595 011111
1165 2557 1206 2595 et
1251 2569 1417 2596 sumnia
1463 2554 1720 2595 auctoritate
1760 2553 1955 2595 floruisse

268 2621 452 2672 constat,
486 2620 624 2661 studio
659 2625 699 2663 et
728 2624 1014 2678 praecipiendi
1042 2625 1191 2665 ardore
1214 2625 1399 2679 quodam
1428 2625 1595 2666 videtur
1619 2624 1818 2665 inductus
1851 2639 1954 2676 esse,

269 2693 314 2730 ut
327 2689 674 2743 Vergilianorum
690 2695 922 2735 carminum
944 2695 1298 2748 interpretatione
1320 2695 1372 2736 ad
1394 2695 1774 2750 grammaticorum
1794 2694 1955 2748 placita

266 2758 520 2815 proferenda
553 2761 812 2805 abuteretur.

382 2838 621 2881 Secundum
667 2835 990 2889 grammaticam
1036 2836 1406 2889 interpretationis
1453 2838 1621 2890 partem
1666 2850 1715 2876 ea
1757 2849 1861 2889 quae
1901 2835 1952 2876 ad

267 2910 549 2951 elocutionem
577 2908 791 2962 pertinent
818 2905 988 2946 Servius
1016 2907 1199 2947 maxime
1226 2907 1437 2948 tractavit.
1490 2906 1793 2948 vocabulorum
1820 2906 1953 2959 igitur

363 3064 394 3104 1)
422 3061 464 3095 cf.
492 3061 651 3095 Thomas
677 3072 711 3104 p.
742 3064 803 3093 181
822 3070 899 3102 sqq.
