2204 3437
394 172 479 212 610
1159 172 1317 208 SERVll

389 281 492 332 s'erz's
523 281 655 321 allata
685 283 757 334 est,
789 294 879 321 eccm
917 294 1057 322 Canem
1096 281 1310 323 Cerberum
1347 281 1592 324 extraheret:
1636 298 1734 325 mim
1773 288 1809 326 et
1844 287 1935 338 ‘ipsa
1971 287 2092 328 arbor

393 351 622 393 Acherusia
652 354 825 392 vocatur.
1812 407 1815 410 Ι

515 422 608 463 135.
659 434 873 464 NVDATOS
906 423 1012 464 bene
1044 423 1247 477 nudatos,
1281 424 1380 478 quia
1417 428 1518 467 reste
1548 427 1653 468 tecti
1686 441 1777 468 esse
1810 431 2086 470 consuerunt:

392 509 493 535 nam
527 491 727 534 ‘nudum’
762 496 827 535 est
858 508 1092 549 numquam
1125 497 1302 549 tectum,
1343 499 1391 537 ut
1423 496 1566 538 facies.
1691 515 1782 540 otro
1808 483 1980 540 marusa
2011 500 2092 541 oleo

347 572 366 603 5
388 565 576 618 perfusos
605 563 766 605 habens.

516 636 609 677 136.
666 646 920 677 TRANSTRIS
948 638 990 676 et
1016 638 1207 677 transtra
1232 636 1431 678 dicuntur
1458 641 1500 679 et
1525 639 1636 693 iuga,
1663 642 1711 681 ut
1736 640 1781 680 in
1807 643 1925 681 sexto
1948 641 2090 695 <411>

393 707 509 748 inde
544 706 677 747 alias
712 706 926 760 animas,
961 721 1085 761 quae
1117 721 1205 760 per
1237 708 1353 762 iuga
1386 708 1543 763 longa
1577 710 1834 752 sedebant.
1926 729 2092 754 INTENTA

386 781 589 832 porrecta.

515 850 608 891 137.
659 861 850 890 ΙΝΤΕΝΤΙ
884 849 1031 890 codem
1064 864 1258 891 sermone
1291 850 1336 890 in
1363 849 1542 891 diversis
1569 866 1669 893 usus
1697 855 1762 893 est
1789 853 1933 895 rebus:
1966 854 2094 895 aliter

325 927 367 958 10
395 921 508 962 enim
541 919 734 970 brachia,
775 920 899 962 aliter
938 921 1196 962 intendimus
1235 924 1435 963 mentem.
1556 934 1950 974 EXVLTANTIAQVE
1982 937 2025 965 H.
2058 937 2094 967 o.

397 1006 432 1033 P.
465 1005 500 1034 P.
533 992 785 1046 hypallage:
819 991 935 1033 omni
966 994 1089 1045 parte
1115 991 1292 1045 pulsans
1317 996 1451 1045 pavor
1477 992 1605 1034 corda
1630 993 1794 1048 haurit,
1826 994 1869 1036 id
1897 997 1962 1035 est
1994 995 2095 1036 ferit

398 1067 440 1105 et
475 1064 664 1105 exultare
696 1063 811 1116 facit,
843 1065 891 1104 ut
923 1062 988 1116 <X
1021 1063 1133 1116 314>
1166 1063 1302 1104 latus
1335 1063 1509 1105 haurit
1541 1067 1783 1118 apertum.

519 1135 612 1176 138.
663 1146 948 1185 LAVDVMQVE
981 1148 1034 1175 ne
1068 1136 1181 1175 esset
1212 1136 1338 1188 turpe
1372 1135 1481 1189 quod
1522 1135 1583 1176 ait
1615 1134 1801 1190 ‘pavor’.
1853 1151 1953 1177 sane
1986 1137 2094 1178 istae

399 1209 498 1248 sunt
539 1206 751 1247 bellorum
792 1205 1081 1259 prolusiones:
1125 1205 1232 1246 unde
1275 1205 1405 1246 etiam
1451 1206 1503 1246 ad
1545 1206 1692 1248 tubam
1734 1210 1951 1262 geruntur.
2023 1208 2096 1249 sed

332 1284 371 1315 15
401 1277 616 1319 sciendum
650 1277 827 1318 maioris
861 1276 1014 1317 aetatis
1047 1276 1197 1317 funera
1230 1276 1280 1316 ad
1320 1276 1470 1318 tubam
1511 1277 1646 1318 solere
1685 1278 1885 1332 proferri:
1924 1278 2094 1320 Persius

400 1349 491 1402 <III
522 1348 631 1402 103>
657 1348 773 1389 hinc
805 1348 945 1401 tuba,
979 1347 1238 1389 candelae:
1271 1347 1450 1389 minoris
1478 1362 1577 1389 vero
1606 1348 1657 1389 ad
1682 1349 1826 1403 tibias,
1857 1352 1906 1391 ut
1932 1348 2095 1391 Statius

401 1421 450 1461 de
483 1420 747 1461 Archemoro
782 1418 933 1474 (tibia
965 1417 1061 1473 cui)
1094 1421 1297 1459 teneros
1332 1419 1543 1460 solitum
1577 1419 1820 1462 deducere
1852 1436 2034 1465 maneS.

523 1491 615 1533 139.
665 1502 846 1532 FINIBVS
880 1501 1032 1532 OMNES
1067 1489 1295 1531 secundum
1328 1492 1528 1532 naturam
1562 1493 1661 1532 ante
1688 1492 1878 1546 generali
1903 1507 2005 1534 usus
2033 1496 2097 1534 est

402 1562 699 1616 descriptione,
731 1564 935 1602 venturus
969 1561 1021 1602 ad
1054 1560 1378 1614 specialitatem.

330 1641 375 1671 20
525 1634 618 1674 144.
668 1643 970 1673 PRAEcmiTEs
1003 1632 1276 1685 festinanteS,
1317 1635 1364 1673 ut
1402 1632 1489 1685 <W
1523 1633 1635 1687 573>
1674 1634 1987 1688 praecipites
2026 1636 2096 1676 vi-

404 1706 564 1761 gilate
598 1704 713 1745 viri:
745 1707 781 1744 et
810 1707 867 1744 est
896 1703 1111 1756 hyperbole.
1233 1721 1365 1746 immo
1388 1717 1467 1756 pro
1501 1703 1746 1757 ‘bdyarum'z
1778 1719 1875 1747 nove
1899 1706 2013 1747 dimit.

402 1788 559 1818 BIIVGO
594 1778 635 1816 et
666 1776 747 1816 hoc
780 1775 1009 1816 celeritatis
1044 1777 1123 1816 est:
1156 1775 1299 1829 plures
1334 1775 1445 1816 enim
1479 1790 1522 1816 se
1555 1775 1806 1829 impediunt.

524 1847 617 1888 145.
669 1857 879 1888 CARCERE
926 1846 1165 1900 usurpavit:
1218 1861 1317 1887 nam
1363 1846 1546 1888 ‘carcer’
1592 1849 1656 1888 est
1706 1862 1883 1890 numero
1927 1852 2095 1890 tantum

404 1918 614 1973 singulari
647 1917 840 1959 custodia
872 1918 1114 1971 noxiorum3
1150 1917 1382 1959 ecarceres'
1419 1933 1514 1959 vero
1543 1932 1707 1959 numero
1740 1922 1906 1960 tantum
1940 1920 2097 1974 plurali

333 2001 377 2030 25
405 1991 528 2044 ostia,
561 1989 712 2043 quibus
746 1988 843 2043 equi
876 1991 1097 2029 arcentur:
1138 1989 1246 2029 unde
1287 1995 1328 2029 et
1367 1988 1600 2030 ‘carceres’
1641 1990 1763 2043 quasi
1796 1989 2002 2032 ‘arceres’
2037 2005 2097 2031 se-

404 2061 586 2103 cundum
618 2059 870 2101 Varronem.

500 2170 519 2200 3
547 2166 639 2199 bene
665 2165 823 2199 nudatos
932 2167 973 2198 ut
998 2164 1125 2210 facies]
1154 2164 1198 2199 cf.
1226 2165 1310 2200 Isid.
1339 2165 1413 2199 diff.
1434 2166 1534 2200 verb.
1556 2168 1623 2199 385
1644 2166 1655 2209 ΙΙ
1676 2170 1695 2200 6
1723 2168 1760 2200 et
1784 2167 1947 2200 transtra
1972 2166 2099 2201 dicun·
2158 2190 2165 2194 -

405 2216 464 2248 tur
490 2216 527 2247 et
552 2212 657 2257 iuga]
686 2212 730 2246 ef.
758 2212 842 2247 Isid.
871 2224 921 2246 or.
949 2212 1032 2246 XIX
1059 2216 1091 2255 2,
1118 2214 1168 2257 511
1202 2217 1241 2247 16
1270 2212 1428 2258 Statius]
1457 2212 1570 2247 Theb.
1598 2213 1648 2246 Vl
1675 2217 1752 2247 121.
1797 2213 1843 2247 cf.
1870 2214 1973 2248 Luat.
1999 2213 2098 2250 Plac.

406 2261 453 2295 ad
478 2261 512 2296 h.
540 2271 631 2294 vers.
652 2260 726 2303 1123
753 2271 836 2294 nam
866 2271 989 2294 carcer
1015 2288 1022 2293 .
1052 2287 1058 2293 .
1087 2288 1093 2295 .
1122 2260 1307 2304 arcentur]
1336 2271 1445 2294 exscr.
1473 2260 1557 2294 Isid.
1585 2272 1634 2296 or.
1667 2260 1695 2294 V
1721 2264 1776 2304 27,
1800 2265 1840 2295 13
1861 2263 1872 2305 ΙΙ
1901 2265 1945 2295 25
1973 2272 2097 2296 sccun-

406 2309 492 2342 dum
519 2307 740 2352 Varronem]
768 2307 799 2340 d.
828 2307 850 2340 l.
878 2307 900 2341 l.
929 2307 960 2340 V
990 2310 1054 2341 153

501 2407 519 2436 2
547 2402 712 2436 acerusia
738 2401 776 2434 F
793 2403 804 2446 Η
824 2403 977 2436 uocatur
1003 2412 1067 2435 om.
1086 2400 1125 2435 F
1140 2403 1151 2445 Η
1171 2406 1190 2435 3
1218 2414 1445 2441 Nvimrosovss
1472 2416 1502 2436 v.
1533 2417 1553 2437 1.
1584 2403 1631 2436 M
1648 2404 1659 2446 ΙΙ
1678 2402 1767 2436 tecti
1794 2403 1835 2437 in
1854 2414 1924 2437 ras.
1945 2414 1981 2445 n,
2007 2403 2099 2437 haec

410 2453 442 2483 Il
462 2451 473 2493 Η
499 2454 519 2483 4
545 2460 745 2492 numquam
772 2449 928 2494 tectum]
957 2448 1055 2492 quod
1080 2457 1280 2492 numquam
1307 2451 1391 2494 tege
1418 2450 1513 2484 solet
1538 2449 1576 2483 F
1593 2452 1604 2494 Η
1629 2449 1738 2484 faties
1764 2450 1804 2483 F
1820 2451 1832 2494 ΙΙ
1856 2450 2024 2494 perfusus
2052 2450 2099 2493 F,

408 2509 497 2531 corr.
530 2497 662 2531 Daniel
698 2498 709 2540 ΙΙ
748 2501 765 2530 7
794 2508 938 2529 mancum
970 2497 1142 2540 porrecta
1176 2498 1211 2530 et
1244 2497 1335 2531 bene
1368 2497 1497 2531 eodeni
1531 2508 1697 2532 sermone
1732 2525 1738 2531 .
1767 2525 1773 2531 .
1803 2525 1809 2531 .
1843 2499 2003 2534 mentem
2029 2497 2068 2531 F
2089 2498 2100 2542 ][

409 2596 428 2625 9
459 2564 606 2625 mrim-ix
634 2591 665 2623 L
685 2591 696 2634 Η
718 2595 756 2624 11
786 2591 969 2635 hypalage
991 2591 1029 2624 F
1062 2590 1235 2635 ypallage
1259 2591 1323 2625 CL
1336 2592 1383 2625 M
1418 2591 1577 2635 ypalage
1599 2592 1642 2625 H
1657 2592 1668 2636 ΙΙ
1689 2595 1731 2625 12
1759 2592 1796 2626 et
1822 2591 1985 2626 exultare
2010 2591 2102 2626 facit

404 2666 486 2706 post
513 2663 680 2705 apertum
707 2662 786 2697 hab.
817 2662 864 2695 M
880 2663 891 2705 ΙΙ
914 2666 954 2695 13
982 2661 1092 2707 esset]
1121 2649 1217 2696 essct
1244 2663 1285 2695 Ν
1308 2664 1380 2705 (ess
1407 2663 1451 2697 ab
1477 2663 1553 2697 cml.
1582 2665 1692 2706 niam.)
1719 2663 1781 2696 det
1806 2663 1846 2696 Η
1864 2663 1875 2706 ΙΙ
1894 2661 2003 2707 istae]
2031 2662 2100 2696 hae

412 2710 453 2743 M
476 2711 487 2753 11
509 2714 550 2742 14
577 2709 806 2752 prolusiones
833 2709 1013 2743 bellorum
1042 2708 1080 2742 F
1096 2710 1107 2752 ΙΙ
1126 2709 1373 2754 prolusiones]
1401 2709 1439 2743 id
1465 2712 1521 2744 est
1546 2709 1826 2744 exercitationes
1852 2720 2025 2752 super-scr.
2054 2710 2066 2743 l
2089 2708 2101 2754 11

410 2757 574 2790 tumbam
598 2755 627 2790 C
642 2757 654 2800 Η
677 2762 717 2789 15
745 2756 910 2790 tumbam
934 2755 989 2797 011
1009 2756 1160 2799 perferri
1183 2756 1259 2790 FC
1286 2756 1440 2801 proferri
1459 2757 1498 2790 Ν
1531 2756 1651 2791 efferri
1673 2757 1878 2791 Illasvicius
1896 2758 1908 2799 ΙΙ
1930 2761 1971 2791 16
1997 2756 2098 2801 hinc]

410 2815 478 2837 ⁸ino
507 2803 544 2836 F
578 2804 589 2847 11
631 2807 670 2837 17
698 2803 791 2837 tibi-i
817 2803 874 2837 cui
901 2815 917 2836 e
943 2804 1061 2836 scatio
1088 2804 1233 2845 addidi,
1266 2804 1360 2838 tibia
1392 2803 1488 2838 enini
1523 2805 1672 2838 additur
1697 2805 1802 2847 vzdyo
1839 2805 1851 2848 ΙΙ
1887 2806 2032 2838 teneros
2058 2815 2100 2837 ew

411 2853 552 2884 tenores
585 2851 611 2883 l
630 2851 642 2894 ll
662 2850 828 2895 solitum]
857 2852 1001 2884 suctum
1028 2851 1139 2883 statii
1165 2851 1250 2884 libri
1269 2853 1280 2894 ΙΙ
1301 2863 1345 2885 m
1347 2863 1393 2885 1111
1400 2862 1487 2885 anes
1515 2851 1553 2884 ]
1582 2862 1701 2884 mores
1722 2851 1754 2884 L
1774 2851 1786 2894 ΙΙ
1808 2854 1848 2884 18
1877 2863 2022 2884 Fvavs
2044 2850 2074 2884 C'

412 2902 450 2930 21
484 2897 567 2942 viri}
596 2898 655 2931 ali·
659 2909 688 2930 10
715 2910 765 2940 pr·
769 2910 800 2931 ι(
805 2897 934 2941 cipites
960 2900 1086 2931 temer
1081 2897 1147 2931 mii
1169 2900 1205 2931 tt
1226 2898 1425 2932 inconsulti
1452 2899 1535 2933 add.
1550 2899 1587 2931 J)
1606 2900 1657 2942 ΙΙ)
1640 2902 1680 2931 :2
1703 2910 1825 2932 uin-co
1846 2909 1910 2941 pro
1932 2897 2099 2940 bigarum

411 2956 503 2978 nou(
539 2945 631 2979 dixit
663 2957 748 2978 01111»
782 2947 819 2978 vt
851 2945 918 2979 1100·
947 2973 952 2978 .
981 2972 986 2977 .
1017 2974 1022 2979 .
1050 2944 1256 2989 impediunt
1287 2946 1319 2978 Γ
1353 2947 1364 2990 ΙΙ
1402 2945 1524 2989 plures
1553 2974 1558 2979 .
1587 2973 1594 2979 .
1623 2974 1629 2979 .
1656 2945 1878 2989 impediunt]
1915 2944 2037 2988 plures
2062 2955 2100 2990 120

414 3039 506 3071 :nini
549 3038 766 3082 impedimus·
786 3039 826 3072 Ν
864 3039 986 3082 pulum>-
1015 3052 1050 3073 10
1078 3039 1173 3073 enini
1203 3039 1234 3072 iii
1266 3040 1417 3083 limbus
1441 3040 1477 3073 II
1496 3042 1507 3083 ΙΙ
1527 3044 1570 3074 ’4
1591 3041 1735 3073 tantum
1756 3051 1820 3072 one.
1838 3039 1878 3072 Ν
1891 3039 1924 3072 ΙΙ
1942 3041 1954 3084 Η
1974 3045 2017 3073 25
2038 3040 2099 3074 ho—

414 3085 483 3118 salii
509 3086 547 3166 [Χ
557 3086 596 3119 JI
620 3087 631 3129 ΙΙ
661 3086 770 3131 ostia]
799 3088 835 3120 et
862 3098 935 3130 relu
928 3087 1039 3130 1,(’1611111
1065 3087 1147 3121 add.
1176 3086 1372 3121 1'··«(›1102·.us
1397 3088 1408 3131 ΙΙ
1439 3087 1544 3130 quasi
1571 3098 1713 3121 areolos
1740 3087 1961 3129 0121.nl‚2·n
1989 3098 2099 3131 mary.

411 3143 503 3176 supp
558 3145 586 3166 m
