2204 3437
363 561 382 591 5

343 916 385 945 10

414 162 501 203 224
1181 159 1339 195 SERVII

530 270 598 312 51.
648 287 693 313 IN
718 286 843 312 LATVS
868 269 1037 322 quidam
1068 270 1173 310 inter
1203 271 1379 310 ventrem
1404 269 1441 307 et
1465 266 1572 307 latus
1595 278 1834 318 permissam
1864 265 2111 318 intellegunt.

414 342 552 394 [malti
582 343 652 395 ita⁸
670 342 811 383 volunt
840 340 1017 393 intelleyi
1049 339 1108 381 ein
1141 340 1248 381 latus
1278 339 1402 391 stetit,
1436 338 1481 377 in
1512 336 1650 377 alvum
1681 337 1872 378 contorsit
1901 333 2109 386 hastainf]

411 413 580 465 quidam
616 413 745 453 deesse
782 411 943 463 aliquid
971 413 1139 463 putant,
1176 413 1222 460 ut
1255 410 1311 450 sit
1348 421 1488 449 sensus
1521 406 1743 448 ‘inclinans
1772 420 1813 448 se
1843 407 1888 447 in
1920 407 2028 447 latiis
2057 405 2114 446 ad

409 484 534 524 ictum
564 482 892 524 vehementiorem
922 481 1087 522 intorsit
1115 477 1305 532 hastam',
1336 491 1435 519 nam
1465 478 1502 518 si
1535 477 1642 518 latas
1673 478 1765 530 equi
1795 477 1989 530 accipias,
2021 489 2110 517 con-

411 555 590 595 trarimn
614 554 692 594 erit
715 554 822 606 qnod
851 552 1063 593 subiunxit
1088 549 1267 592 ‘alvum'.
1369 560 1478 590 FERI
1506 547 1809 602 quadrupedis:
1842 547 1895 589 ab
1923 561 1971 588 eo
1999 546 2110 600 quod

410 627 503 666 toto
548 638 724 678 corpore
765 623 948 676 feratur,
988 625 1034 662 nt
1071 620 1184 673 <VII
1216 620 1330 673 489>
1363 618 1679 672 pectebatque
1715 618 1873 669 ferani
1912 620 1949 658 et
1982 617 2111 670 paulo

403 699 498 748 post
537 695 678 748 <5oo>
719 694 919 736 saueius
962 696 1013 733 at
1053 692 1343 744 quadrupes.
1495 700 1682 730 CVRVAM
1726 699 1887 729 ALVVM
1931 686 2110 728 Plautus

410 766 647 807 masculino
675 766 735 806 ait
764 778 938 819 genere,
972 777 1054 817 quo
1081 777 1167 804 non
1192 762 1365 803 utimur.
1415 774 1662 814 percussum
1689 773 1789 800 sane
1817 757 2109 812 intellegimus

411 838 524 878 inter
555 839 748 878 ventrem
782 837 824 876 et
857 835 983 875 latus.

530 907 598 948 52.
647 917 850 948 RECVSSO
883 920 961 959 pro
994 918 1218 956 concusso,
1249 902 1515 957 praepositio
1548 916 1624 955 pro
1656 900 1986 955 praepositione.

531 978 597 1019 53.
649 989 801 1019 CAVAE
835 987 1079 1018 CAVERNAE
1115 973 1278 1016 Graeca
1315 974 1472 1028 figura,
1509 974 1557 1012 ut
1594 971 1744 1012 ‘vitam
1777 969 1949 1023 vivere’,
1988 969 2112 1010 ‘mor-

411 1051 499 1089 tem
531 1047 668 1089 mori'.
730 1061 832 1100 quae
863 1050 997 1088 autern
1028 1060 1055 1087 a
1084 1045 1279 1086 veteribus
1316 1057 1510 1085 cavernae
1546 1043 1771 1096 appellatae
1807 1042 1891 1083 sint
1926 1041 2112 1094 simerins

412 1119 523 1173 (19)
555 1120 710 1160 dietum
741 1122 808 1160 est.

530 1190 596 1231 54.
647 1201 766 1230 FATA
793 1200 923 1229 DEVM
956 1186 1077 1228 ‘fata'
1110 1186 1236 1227 modo
1268 1186 1543 1239 participium
1578 1186 1659 1237 est,
1692 1183 1772 1224 hoc
1800 1184 1865 1223 est
1897 1181 2019 1236 equae
2054 1181 2112 1222 dii

410 1259 673 1315 loquuntur’7
710 1262 758 1300 ut
791 1257 955 1300 Statius
989 1261 1037 1299 et
1068 1271 1239 1298 vocem
1278 1257 1388 1297 fata
1427 1257 1720 1310 sequuntur.
1841 1269 1880 1294 sJ
1905 1269 2008 1294 itms
2038 1269 2115 1293 Noiv

347 1364 349 1366 -
412 1348 537 1373 mem
569 1347 731 1372 Frsssrr
757 1329 1032 1370 Troianorum
1057 1328 1224 1376 scilice&
1257 1327 1350 1368 bene
1375 1340 1465 1379 er90
1491 1326 1639 1366 divisit.
1681 1337 1778 1365 sane
1803 1335 1958 1364 LAEVA
1984 1323 2109 1364 modo

340 1624 384 1654 20

321 1977 384 2008 ’25

411 1401 639 1443 contraria.
701 1403 744 1441 et
781 1399 998 1442 sciendum
1037 1399 1223 1452 laevum,
1268 1412 1362 1438 cum
1401 1397 1451 1438 de
1488 1394 1686 1437 humanis
1726 1395 1853 1435 rebus
1893 1396 1974 1446 est,
2020 1407 2111 1434 esse

411 1472 692 1524 contrarium,
738 1485 833 1512 cum
877 1470 927 1511 de
971 1469 1246 1522 caelestibus,
1292 1481 1565 1521 prosperum,
1608 1468 1657 1507 ut
1698 1465 1839 1519 <693>
1881 1464 2111 1505 intonuit

410 1544 626 1596 laevum,
659 1541 760 1596 quia
793 1541 971 1582 sinistra
1001 1539 1225 1580 numinum
1257 1537 1523 1579 intuentibus
1558 1536 1707 1577 dextra
1740 1538 1852 1577 sunt.

530 1613 598 1655 55.
648 1623 862 1653 FOEDARE
903 1611 1145 1652 dilacerare.
1215 1608 1384 1650 foedum
1423 1607 1536 1649 enim
1576 1609 1666 1648 tam
1708 1606 1820 1660 apud
1857 1605 2111 1660 Vergilium,

412 1699 538 1740 quam
577 1683 688 1738 apud
722 1681 977 1724 Sallustium
1014 1696 1101 1722 :non
1131 1683 1257 1734 turpe
1289 1679 1521 1734 significat,
1561 1677 1632 1719 sed
1665 1677 1850 1731 crudele,
1889 1679 1938 1718 ut
1969 1676 2112 1730 <502>

412 1755 663 1809 sanguine
700 1753 993 1794 foedantem
1032 1767 1155 1806 quos
1197 1751 1307 1805 ipse
1352 1751 1650 1792 sacraverat
1687 1748 1842 1802 ignis,
1881 1745 2111 1788 Sallustius

411 1826 548 1868 foedi
588 1825 736 1867 oculi.
796 1824 872 1865 alii
905 1821 1101 1875 ‘foedare'
1133 1823 1351 1864 secimdnm
1384 1820 1558 1862 Graecos
1595 1820 1809 1872 accipiunt.
1870 1819 1971 1871 quid
2005 1818 2113 1858 enirn

408 1898 582 1949 foedius,
613 1910 737 1948 qnam
768 1896 885 1936 duces
912 1893 1162 1935 Graecorum
1188 1892 1352 1933 latentes
1377 1890 1646 1944 deprehendi?
1751 1905 1948 1931 LATEBRAS
1978 1891 2111 1944 autem

411 1982 552 2009 amare
583 1967 697 2008 dixit.

509 2123 526 2153 7
555 2116 724 2162 Plautus]
752 2115 882 2151 Pseud.
911 2115 962 2149 III
989 2119 1021 2158 ⁶2,
1046 2118 1090 2148 34
1110 2115 1121 2157 ΙΙ
1150 2118 1191 2148 15
1220 2113 1376 2158 Statius]
1404 2112 1518 2147 Theb.
1546 2112 1561 2145 I
1588 2116 1654 2146 ‘213
1681 2113 1692 2156 ΙΙ
1719 2116 1762 2147 22
1791 2110 2003 2157 Sallustius]
2033 2109 2110 2146 Cat.

503 2171 516 2187 r

414 2171 474 2210 15,
502 2181 521 2200 o

411 2308 497 2342 nino
533 2307 568 2342 C.
608 2308 759 2350 fortasse
790 2306 962 2340 seleolimn
992 2305 1044 2338 sic
1075 2304 1361 2338 constituendum
1398 2301 1580 2345 Quicquid
1610 2301 1648 2335 id
1681 2303 1737 2335 est
1767 2300 1898 2346 timeo]
1935 2298 2110 2343 quicquid

413 2355 561 2389 omnino
587 2355 626 2389 in
652 2366 744 2399 equo
773 2355 844 2395 est,
878 2354 1038 2388 ceterum
1069 2351 1184 2385 timeo
1210 2351 1358 2385 Danaos
1385 2349 1499 2383 etiam
1525 2349 1620 2383 dona
1645 2348 1814 2382 ferentes.
1845 2349 1856 2392 ΙΙ
1889 2352 1905 2381 1
1935 2348 1982 2381 acl
2007 2358 2038 2380 v.
2066 2350 2107 2380 51

412 2404 452 2436 In
478 2403 603 2437 aluum
630 2401 811 2436 contorsit
836 2399 999 2444 hastam]
1027 2398 1179 2442 quidam
1205 2397 1337 2431 deesse
1355 2398 1489 2441 putant
1515 2395 1672 2439 aliquid,
1700 2397 1741 2429 ut
1766 2395 1815 2429 sit
1838 2406 1963 2428 sensus
1991 2393 2110 2427 ‘incli-

412 2462 503 2484 nans
532 2461 569 2483 se
595 2449 633 2482 in
659 2449 757 2483 latus
784 2448 830 2482 ad
858 2448 971 2482 ictum
997 2445 1312 2480 uehementiorem
1340 2443 1520 2478 contorsit
1546 2444 1692 2477 hastam
1718 2442 1770 2484 (in
1790 2442 1940 2484 astan1);
1967 2451 2054 2474 nam
2080 2439 2110 2473 si

412 2497 508 2531 latus
541 2496 626 2539 equi
658 2495 836 2539 accipias⁷
870 2494 1095 2528 contrarium
1127 2492 1197 2526 erit
1228 2491 1327 2535 quod
1354 2492 1476 2534 (quae)
1503 2488 1690 2524 subiunxit
1723 2489 1864 2523 ‘aluum
1895 2487 1964 2522 feri
1988 2486 2109 2531 (fieri).

412 2543 542 2588 Latus]
571 2542 721 2587 quidam
746 2543 842 2576 inter
868 2543 1033 2575 uentrem
1059 2541 1096 2573 et
1121 2539 1218 2573 latus
1244 2549 1456 2582 percussum
1482 2537 1715 2581 intellegunt.
1765 2536 1874 2570 multi
1898 2535 1953 2569 ita
1980 2534 2111 2568 uolunt

411 2591 581 2635 intellegi
610 2590 662 2623 ‘in
688 2589 798 2623 latus'
829 2602 842 2618 ια
871 2587 1126 2632 quadrupedis
1172 2586 1218 2619 ab
1239 2596 1280 2619 eo
1303 2584 1364 2628 qui
1390 2586 1468 2618 toto
1497 2594 1647 2627 corpore
1673 2583 1812 2617 feratur
1837 2584 1879 2616 ut
1907 2581 2108 2626 ‘pectebat-

413 2649 482 2681 que
508 2637 655 2671 feram’.
707 2636 865 2671 Curuam
892 2634 1033 2679 aluum]
1070 2633 1223 2666 Plautus
1256 2632 1458 2665 masculino
1490 2641 1622 2675 genere
1655 2630 1810 2674 protulit
1842 2640 1913 2673 quo
1939 2629 2010 2673 (co)
2036 2638 2110 2662 non

412 2685 561 2718 utimur.
593 2684 627 2717 P
644 2685 655 2727 ΙΙ
676 2688 695 2718 6
722 2683 871 2717 feratur.
923 2681 1018 2715 unde
1045 2679 1207 2721 semifer,
1234 2678 1271 2712 id
1298 2681 1352 2713 est
1378 2679 1589 2721 centaurus,
1616 2677 1723 2721 quasi
1745 2676 1887 2711 medius
1908 2686 2021 2719 equus
2042 2675 2080 2709 D
2098 2674 2109 2720 Η

528 2745 546 2769 d

414 2784 433 2813 8
462 2791 533 2823 quo
567 2790 640 2813 non
666 2777 873 2811 inuenimus
894 2775 925 2809 L
952 2774 991 2818 (d
1016 2784 1191 2817 superscr.
1212 2773 1234 2807 l.
1260 2773 1353 2807 idem
1377 2783 1456 2816 sup.
1477 2782 1563 2806 vers.
1586 2772 1669 2806 add.
1696 2772 1736 2804 ai
1761 2781 1833 2814 quo
1859 2781 1932 2804 non
1956 2768 2108 2812 utimur)

415 2827 512 2871 quod
537 2836 608 2860 non
635 2825 772 2859 utimur
799 2824 841 2857 II
861 2824 873 2868 11
898 2832 1109 2866 percussum
1137 2849 1143 2855 .
1172 2849 1178 2854 .
1209 2847 1214 2852 .
1242 2819 1338 2853 latus
1365 2831 1430 2853 om.
1459 2819 1488 2854 C
1510 2820 1521 2863 ΙΙ
1552 2823 1594 2853 10
1621 2819 1670 2852 aa
1694 2829 1725 2851 v.
1753 2821 1795 2851 52
1823 2815 2001 2861 Reeusso]
2030 2844 2037 2850 .
2066 2843 2072 2849 .
2100 2842 2108 2850 .

414 2872 697 2918 praepositione.
728 2872 762 2904 P
779 2872 790 2915 ΙΙ
812 2875 852 2904 11
882 2870 929 2904 acl
954 2880 985 2902 v.
1013 2872 1054 2902 53
1084 2866 1205 2901 Cauae
1233 2867 1428 2912 cauernae]
1457 2894 1465 2901 .
1493 2894 1499 2900 .
1530 2894 1536 2900 .
1563 2865 1666 2900 mori.
1696 2865 1759 2909 ΡΙΙ
1788 2868 1830 2898 12
1858 2863 1932 2897 sint
1956 2874 2000 2898 eoe
2025 2863 2109 2896 sunt

417 2922 445 2954 C
467 2923 478 2965 ΙΙ
505 2925 547 2954 14
574 2921 622 2954 ud
647 2930 676 2953 υ.
706 2923 749 2953 54
778 2919 867 2952 Fata
893 2915 1018 2960 deum]
1043 2915 1123 2948 fata
1150 2942 1155 2948 .
1185 2942 1191 2948 .
1220 2941 1226 2947 .
1255 2915 1465 2956 sequuntur.
1516 2913 1654 2957 Laeua]
1682 2912 1791 2946 modo
1817 2910 2002 2945 contraria
2028 2936 2034 2943 .
2063 2936 2070 2943 .
2099 2936 2107 2943 .

414 2967 652 3001 intuentibus,
680 2966 715 2999 P
735 2968 746 3009 ΙΙ
772 2964 1010 3010 participium
1037 2961 1108 3006 est]
1136 2960 1373 3005 participium
1401 2964 1437 2994 ot
1464 2960 1536 2994 GP
1558 2961 1570 3004 ΙΙ
1601 2964 1642 2993 15
1668 2959 1839 2993 locuntur
1864 2958 1897 2990 L
1909 2956 2028 3001 MPu
2054 2966 2107 2989 se·
2155 2982 2157 2985 .

415 3016 545 3048 cuntur
573 3014 701 3048 GPM
738 3012 902 3055 sequitur
928 3011 960 3043 L
998 3010 1214 3053 (sequuntur
1240 3008 1264 3045 l)
1286 3009 1296 3050 ΙΙ
1321 3013 1359 3040 19
1386 3007 1540 3040 nimium
1566 3006 1653 3040 LH
1675 3005 1879 3049 (numinum
1905 3005 1930 3047 l)
1949 3005 1960 3047 ΙΙ
1980 3003 2108 3037 dextra

416 3063 500 3094 sunt
525 3059 751 3094 intuentibus
774 3059 869 3103 &1²11
898 3062 941 3092 :20
967 3058 1015 3092 ad
1040 3067 1070 3090 v.
1093 3060 1135 3089 55
1164 3054 1343 3098 Foedare]
1372 3054 1574 3088 dilacerare
1595 3080 1602 3088 .
1625 3080 1632 3087 .
1656 3080 1662 3087 .
1688 3052 1911 3087 foedantem.
1936 3050 1972 3083 P
1987 3053 1999 3094 ΙΙ
2024 3062 2108 3083 Fon—

415 3120 505 3141 11A1<1-:
533 3118 705 3140 LA‘rnuuAs
735 3106 764 3139 C
