2204 3437
22 3192 31 3206 s

632 188 780 223 COMM.
806 189 860 223 IN
885 187 1025 223 vaae.
1053 188 1163 222 AEN.
1190 189 1233 222 11.
1264 191 1456 223 ros—116.
1803 190 1884 230 237

316 294 409 336 115.
459 306 623 337 ADYTIS
657 296 830 350 adytum
863 298 928 337 est
958 295 1077 336 locus
1106 294 1260 348 templi
1286 295 1506 349 secretior,
1539 296 1591 336 ad
1624 310 1748 350 quem
1780 298 1885 339 nulli

178 363 260 405 ‘est
304 364 444 406 aditus
489 365 571 406 nisi
615 366 835 407 sacerdoti.
963 376 1146 406 TRISTIA
1191 375 1333 405 DICTA
1377 376 1615 406 REPORTAT
1659 367 1889 408 renuntiat.

195 449 311 476 more
344 450 419 477 suo
454 436 640 477 breviter
670 436 866 477 habitum
898 435 1066 477 futurae
1099 434 1307 476 orationis
1341 435 1538 476 ostendit.

315 506 408 547 116.
459 518 689 548 SANGVINE
722 517 965 548 PLACASTIS
992 516 1170 547 VENTOS
1203 517 1258 545 ET
1286 516 1475 546 VIRGINE
1502 517 1645 547 CAESA
1672 518 1764 548 CVM
1796 519 1888 547 Pm-

194 587 295 617 MVM
326 575 396 617 hic
428 576 775 632 distinguendum
809 579 890 630 est,
934 576 1033 630 quia
1071 578 1114 617 et
1146 575 1275 616 semel
1316 575 1367 615 ad
1400 575 1572 617 Troiam
1604 579 1779 617 ventum
1813 580 1888 631 est,
1915 586 1934 616 5

195 648 238 686 et
288 649 386 687 ante
433 662 558 701 quam
609 647 661 688 ad
712 662 805 688 eam
858 647 1073 688 veniretur
1123 646 1172 686 de
1216 646 1442 700 Iphigenia
1484 650 1549 688 est
1593 648 1888 688 sacrificatum.

194 716 311 757 cuius
338 716 485 757 fabula
504 717 605 758 talis
627 720 703 759 est.
741 732 835 759 cum
857 717 1008 758 Graeci
1035 716 1087 757 ad
1109 716 1307 757 Aulidem
1333 716 1570 770 venissent,
1591 717 1887 771 Agamemnon

193 786 355 828 Dianae
395 801 562 828 cervam
594 802 680 828 eum
718 791 882 829 venatur
914 787 1068 829 occidit
1100 787 1290 841 ignarus.
1347 786 1456 826 unde
1497 787 1575 827 dea
1612 787 1724 828 irata
1762 788 1889 829 flatus

195 859 437 910 ventorum,
469 858 540 910 qui
565 859 620 898 acl
646 858 685 898 T
682 859 814 899 roiam
839 858 1049 911 ducebant,
1081 856 1276 898 removit.
1335 871 1462 910 quam
1490 856 1543 897 ob
1571 871 1659 897 rem
1688 871 1782 898 cum
1813 872 1890 899 nec

191 927 397 982 navigare
428 930 621 981 possent,
654 931 697 969 et
727 928 1019 981 pestilentiam
1053 928 1330 980 sustinerent,
1363 927 1558 967 consulta
1586 941 1659 979 per
1692 926 1889 970 Calchan-

194 1001 270 1038 tem
296 997 468 1038 oracula
494 997 708 1052 dixerunt,
740 990 1082 1052 Agamemnonio
1110 998 1337 1052 sanguine,
1368 997 1439 1038 hoc
1464 1000 1521 1038 est
1544 997 1758 1038 immolata
1777 998 1889 1051 Iphi-

189 1068 312 1121 9enia
342 1067 527 1108 Dianam
561 1082 651 1109 esse
684 1069 948 1122 placandam.
1012 1082 1113 1123 ergo
1154 1083 1248 1109 cum
1287 1068 1339 1108 ab
1372 1067 1500 1109 Ulixe
1534 1082 1608 1121 per
1639 1069 1887 1122 nuptiarum

195 1138 532 1191 simulationem,
575 1142 647 1191 qui
689 1139 946 1192 Iphigeniam
988 1139 1144 1186 Achilli
1187 1139 1432 1192 innyendain
1474 1139 1664 1191 finyebat,
1710 1139 1889 1180 adducta

193 1207 420 1262 Iphigenia
450 1209 494 1249 in
527 1223 574 1249 eo
609 1211 721 1250 esset
753 1211 801 1249 ut
832 1209 1146 1263 immolaretur,
1184 1209 1372 1250 numinis
1411 1208 1688 1250 miseratione
1721 1209 1889 1251 sublata

194 1281 258 1319 est
301 1292 507 1333 cervaque
552 1279 795 1333 subposita,
840 1282 882 1321 et
925 1280 1138 1321 translata
1183 1280 1234 1320 ad
1275 1279 1498 1320 Tauricam
1537 1279 1756 1332 regionem
1797 1280 1888 1334 regi

194 1349 382 1392 Thoanti
409 1349 567 1390 tradita
601 1351 665 1390 est
702 1349 982 1404 sacerdosque
1015 1350 1129 1391 facta
1155 1350 1395 1403 Dictynnae
1422 1348 1604 1404 Dianae,
1635 1350 1696 1390 vel
1725 1353 1771 1390 iit
1800 1351 1887 1402 qni-

192 1420 288 1460 dam
318 1420 458 1461 volunt
485 1419 652 1461 Orthiae
676 1419 856 1461 Dianae.
898 1434 1000 1473 qnae
1032 1435 1126 1461 cum
1160 1420 1391 1461 secundum
1423 1422 1631 1461 statutam
1665 1423 1887 1461 consuetu-

194 1490 335 1532 dinem
368 1490 554 1532 humano
589 1490 795 1544 sanguine
827 1505 984 1530 numen
1022 1490 1229 1544 placaret,
1271 1490 1449 1544 agnovit
1485 1489 1664 1530 fratrem
1697 1489 1888 1544 Oresten,

194 1561 267 1614 qui
300 1564 472 1615 accepto
501 1561 671 1602 oraculo
699 1561 869 1601 carendi
895 1560 1052 1602 furoris
1080 1575 1207 1601 causa
1233 1575 1327 1601 cum
1356 1560 1492 1601 amico
1514 1560 1692 1614 Pylade,
1724 1575 1750 1601 a
1775 1562 1889 1602 cuins

185 1634 324 1685 patre,
363 1631 511 1684 Strofio
542 1632 719 1681 nomine,
755 1631 894 1682 ficerat
922 1632 1117 1684 nutritas,
1150 1630 1333 1673 Colchos
1365 1630 1568 1684 petierat,
1607 1633 1649 1672 et
1687 1645 1781 1672 cum
1819 1632 1885 1672 his

193 1702 329 1742 occiso
369 1701 581 1755 Thoante,
626 1702 901 1743 simulacrum
941 1701 1117 1742 sustulit
1156 1701 1452 1742 absconditum
1496 1702 1610 1742 fasce
1651 1702 1886 1756 lignorum:

192 1772 301 1813 unde
339 1775 381 1813 et
416 1771 620 1814 Facelitis
660 1772 831 1826 dicitur,
875 1787 961 1813 non
1004 1773 1173 1813 tantum
1213 1786 1237 1812 a
1275 1771 1385 1825 face,
1430 1786 1524 1812 cum
1564 1786 1647 1826 qua
1684 1772 1887 1826 pingitur,

191 1844 365 1897 propter
393 1842 503 1897 quod
532 1845 573 1883 et
594 1842 790 1884 Lucifera
816 1842 986 1883 dicitur:
1020 1844 1062 1882 et
1081 1841 1271 1882 Ariciam
1297 1841 1463 1883 detulit.
1515 1842 1587 1882 sed
1614 1857 1709 1883 cum
1736 1845 1887 1897 postea

191 1912 395 1953 Romanis
429 1927 646 1954 sacrorum
679 1912 911 1953 crudelitas
946 1912 1209 1966 displiceret,
1249 1926 1507 1966 quamquam
1546 1913 1657 1954 servi
1695 1913 1886 1954 immola-

287 2032 305 2063 7
333 2027 433 2062 cuius
459 2028 586 2063 fabula
612 2028 698 2063 talis
725 2030 779 2063 est
804 2039 833 2063 e.
861 2040 894 2072 q.
923 2028 968 2073 s.]
996 2028 1040 2062 cf.
1067 2028 1250 2072 mythogr.
1276 2027 1292 2061 I
1319 2031 1363 2061 20
1389 2028 1423 2062 II
1448 2032 1526 2063 202.

287 2139 304 2168 1
339 2136 388 2169 acl
417 2146 448 2169 i.
478 2139 542 2169 115
581 2134 773 2169 Mittimus.
831 2133 962 2178 Adytis
1000 2133 1154 2178 (aditis)]
1192 2134 1342 2187 adytum
1379 2134 1582 2178 (adytus).
1647 2161 1652 2167 .
1693 2134 1885 2169 sacerdoti.

192 2181 416 2228 Reportant]
444 2181 668 2216 renuntiant.
696 2182 729 2214 P
757 2183 768 2225 Η
798 2194 916 2215 ADITIS
943 2181 1083 2215 aditum
1111 2181 1197 2215 libii
1222 2181 1289 2214 mei
1317 2182 1328 2225 ΙΙ
1359 2181 1480 2215 nullus
1507 2181 1551 2214 H
1573 2183 1586 2227 fl
1618 2186 1636 2215 2
1664 2192 1828 2216 accessus
1855 2182 1886 2214 J

192 2230 245 2273 (at
271 2229 393 2263 aditus
418 2228 885 2273 «911Ρο1301.ῐ)11001001(1011
922 2224 996 2261 ἀπὸ
1025 2228 1090 2261 τοῦ
1117 2232 1139 2261 ἄ
1169 2227 1232 2261 καὶ
1258 2225 1336 2261 ὂυω
1362 2228 1566 2272 ingredior,
1593 2228 1630 2262 id
1651 2230 1704 2262 est
1724 2228 1800 2262 sine
1821 2229 1885 2262 ali

193 2275 296 2310 cuius
322 2275 499 2320 ingressu.
527 2276 564 2309 D
595 2277 607 2320 Η
637 2275 824 2309 renuntiat
849 2286 914 2309 om.
942 2274 1084 2308 HME
1113 2276 1124 2318 ΙΙ
1161 2278 1182 2308 4
1208 2275 1256 2308 acl
1281 2286 1311 2309 v.
1341 2278 1406 2309 116
1434 2257 1635 2321 Sanguine]
1667 2275 1795 2309 fabula
1820 2276 1886 2309 est.

193 2335 275 2356 cum
296 2322 427 2357 Graeci
453 2323 499 2356 ad
519 2322 690 2356 Aulidem
711 2322 914 2365 uenissent,
941 2322 1197 2366 Agamemnon
1217 2321 1358 2355 Dianae
1385 2322 1550 2364 (deance)
1579 2334 1725 2356 ceruam
1752 2322 1887 2356 occidit

191 2369 341 2413 ignarus
367 2369 404 2402 in
429 2369 639 2403 uenatione.
683 2369 778 2402 unde
805 2369 874 2402 dea
899 2368 994 2402 irata
1019 2367 1127 2402 flatus
1153 2369 1346 2402 uentorum
1373 2368 1436 2412 qui
1461 2368 1507 2402 ad
1528 2369 1677 2402 Troiam
1703 2369 1887 2402 ducebant

193 2416 395 2460 suspendit.
447 2416 493 2450 ob
520 2427 631 2459 quam
656 2427 734 2450 rem
760 2415 926 2450 consulta
951 2426 1016 2458 per
1042 2414 1283 2449 Calchantem
1310 2415 1457 2449 oracula
1492 2415 1661 2449 dixerunt
1687 2414 1762 2460 (di)
1789 2416 1884 2459 Aga-

192 2463 402 2497 memnonio
429 2462 624 2507 sanguine,
658 2463 728 2497 hoc
761 2463 818 2496 est
848 2462 1041 2496 immolata
1065 2461 1259 2506 Iphigenia
1285 2462 1446 2506 (figenia)
1480 2462 1701 2506 placandam
1728 2462 1885 2496 Dianam

191 2510 385 2554 (deanam).
425 2521 507 2545 cum
533 2520 619 2554 ergo
646 2511 743 2544 esset
763 2509 924 2543 adducta
942 2510 984 2542 ut
1002 2508 1273 2551 immolaretur,
1300 2509 1458 2542 numinis
1478 2509 1713 2543 miseratione
1740 2509 1886 2543 sublata

192 2559 264 2600 est,
292 2568 400 2591 cerua
421 2556 627 2601 supposita,
655 2558 692 2590 ot
716 2556 898 2590 translata
918 2556 964 2590 ad
984 2555 1179 2590 Tauricam
1206 2555 1391 2600 regionem
1419 2555 1497 2600 regi
1518 2556 1679 2590 Thoanti
1705 2556 1884 2599 (thoante)

190 2604 328 2638 tradita
352 2605 408 2638 est
434 2604 602 2638 sacerdos
633 2603 734 2638 facta
760 2602 912 2638 Orthiae
939 2603 1084 2647 (ortiae)
1113 2602 1266 2637 Dianae.
1297 2602 1332 2635 P
1360 2603 1371 2647 ΙΙ
1404 2607 1422 2637 7
1450 2603 1550 2637 cuius
1581 2603 1726 2648 fabula]
1760 2603 1886 2637 fabula

190 2661 277 2685 uero
306 2651 400 2684 ME
417 2652 428 2695 ΙΙ
448 2655 468 2686 8
495 2662 642 2685 ceruam
669 2650 743 2685 OE
767 2654 798 2684 et
822 2650 1092 2695 niythoyraphi:
1119 2661 1268 2684 ceruum
1294 2650 1378 2683 LH
1384 2650 1432 2683 M
1448 2651 1459 2693 ΙΙ
1489 2654 1508 2684 9
1535 2650 1708 2695 removit]
1737 2661 1883 2694 suspen—

191 2697 244 2732 dit
271 2697 321 2732 0*
339 2699 351 2742 ΙΙ
380 2698 426 2733 ob
452 2709 561 2742 quam
589 2709 665 2732 rem
692 2697 742 2732 C*
766 2698 778 2741 ΙΙ
806 2701 849 2731 10
874 2708 942 2731 1100
968 2696 1220 2741 pestilentiam
1248 2695 1310 2741 011
1340 2700 1381 2730 12
1409 2708 1474 2741 per
1498 2697 1710 2741 nuptiarum
1737 2696 1882 2730 simula-

190 2744 341 2789 tionem]
369 2745 474 2788 quasi
499 2744 680 2779 tradenda
705 2744 752 2778 sit
775 2744 931 2788 nuptum
957 2755 1132 2787 superscr.
1160 2744 1172 2778 Z
1196 2744 1208 2787 ΙΙ
1235 2746 1277 2777 15
1305 2755 1413 2778 cerua
1438 2744 1482 2777 H
1502 2745 1513 2787 ΙΙ
1547 2748 1588 2778 10
1616 2744 1811 2787 dictynnae
1840 2743 1884 2776 (1.-

191 2791 376 2826 dictinnae
401 2792 435 2825 L
473 2791 634 2825 dictinne
655 2791 741 2825 HE
777 2790 987 2835 dictymnae
1010 2791 1057 2824 M
1074 2792 1085 2834 ΙΙ
1108 2795 1147 2825 17
1175 2790 1290 2825 ortiae
1319 2790 1368 2824 0³²
1387 2793 1398 2834 Η
1421 2795 1461 2825 18
1489 2792 1645 2825 orestem
1672 2791 1703 2823 L
1723 2792 1735 2833 Η
1758 2794 1797 2823 19
1825 2801 1883 2824 ca-

190 2838 309 2883 rendi]
337 2838 489 2873 curandi
511 2839 725 2872 Masvicz'zis.
771 2837 926 2872 cavendi
953 2838 1039 2872 libri
1060 2838 1289 2879 Burmanni,
1316 2849 1531 2881 quamquam
1557 2839 1620 2871 hoc
1646 2837 1883 2870 testimonium

190 2885 389 2929 typothetae
409 2896 526 2920 errore
550 2886 693 2919 videtur
718 2888 926 2928 corruptum
953 2895 1041 2925 esse,·
1068 2884 1273 2928 Stephanus
1300 2887 1388 2918 certe
1407 2885 1543 2918 Daniel
1563 2884 1771 2925 Istum-icius,
1798 2894 1885 2927 quos

190 2933 282 2966 idem
303 2933 454 2967 edidisse
473 2933 713 2966 Burmannus
732 2935 899 2974 testatur,
928 2931 1075 2966 carendi
1100 2932 1283 2966 dederant.
1304 2933 1315 2974 ΙΙ
1335 2931 1460 2976 causa]
1488 2932 1642 2964 matrem
1664 2930 1760 2963 enim
1781 2942 1882 2965 suam

192 2978 328 3013 dicitur
354 2978 530 3014 occidisse
558 2989 675 3022 eoque
708 2978 854 3012 furebat
878 2979 960 3013 add.
988 2979 1038 3021 L,
1075 2979 1253 3022 eoepunoeit
1280 2979 1290 3011 ῖ
1320 2979 1332 3021 ΙΙ
1363 2981 1406 3011 20
1432 2978 1539 3011 trofio
1568 2977 1598 3011 Ο
1624 2978 1635 3021 ΙΙ
1668 2981 1710 3011 22
1738 2977 1884 3012 fascelis

189 3025 280 3060 LO*
325 3025 445 3060 facilis
477 3026 521 3059 H
559 3025 722 3060 fasciolis
751 3025 799 3058 M
839 3025 1025 3059 fascelidis
1059 3025 1166 3059 Elm.
1211 3025 1255 3066 cf.
1292 3024 1406 3058 Probi·
1435 3024 1553 3067 praef.
1588 3026 1635 3058 act
1669 3024 1769 3068 γον-,9.
1806 3025 1882 3058 buc.

185 3083 224 3115 p.
251 3076 270 3106 3
292 3073 340 3106 K.
372 3073 383 3117 ΙΙ
416 3077 459 3107 23
485 3074 636 3117 propter
664 3100 670 3106 .
699 3100 706 3106 .
733 3100 740 3107 .
768 3071 903 3106 dicitur
928 3083 993 3107 om.
1023 3073 1071 3105 M
1093 3073 1104 3115 ΙΙ
1133 3070 1282 3115 dicitur]
1310 3071 1372 3104 scd
1398 3082 1420 3104 a
1445 3070 1542 3105 fasce
1569 3071 1681 3105 etiam
1708 3071 1835 3114 (etiam
1862 3083 1884 3105 a

191 3118 288 3153 fasce
307 3119 358 3163 E)
384 3120 569 3163 lignorum
596 3120 678 3154 aad.
707 3119 786 3152 LE
802 3120 814 3163 Η
834 3118 978 3153 aritiam
1006 3119 1037 3151 L

1918 936 1958 965 10

1914 1639 1957 1668 20
