2204 3437
568 190 716 225 COMM.
742 191 795 224 IN
819 189 960 224 VERG.
987 188 1097 222 AEN.
1124 188 1166 223 ΙΙ.
1195 191 1391 223 633—642.
1736 185 1820 225 313

131 303 168 340 et
196 300 282 340 eius
307 301 446 351 partes
476 298 535 338 ita
559 301 790 351 ponuntur,
827 300 874 337 nt
903 297 980 348 †si
1009 296 1080 348 qni
1111 294 1360 343 dissuadent,
1398 307 1455 333 an
1485 293 1820 345 supervivendmn

124 370 300 422 patriae.
360 369 466 421 quod
494 369 583 409 ideo
614 371 747 420 aperte
777 380 859 408 non
889 367 1011 418 (lixit,
1042 378 1092 406 ne
1121 367 1264 407 ceteros
1295 376 1321 403 a
1350 362 1451 415 fuya
1481 361 1687 403 dehortari
1717 362 1823 402 vide-

130 443 258 493 retur,
289 440 358 480 sed
386 440 448 479 ait
479 437 561 480 evos
585 439 728 491 fuyite,
760 438 830 489 qui
853 434 1060 489 potestis’:
1091 449 1118 475 a
1144 438 1315 486 tempore
1348 432 1464 474 ‘satis
1488 446 1574 473 una
1601 431 1823 485 superque,

130 511 180 551 ab
211 510 352 558 invitis
382 509 462 550 diis
495 508 594 549 ‘iam
618 508 780 561 pridem
810 508 967 548 invisus
997 506 1078 547 diis
1103 508 1139 546 et
1168 505 1329 546 inutilis
1355 517 1484 544 annos
1509 501 1718 544 demoror-⁹.
1768 503 1825 544 sie

130 581 289 633 quidem
319 582 355 620 et
384 579 490 619 illud
519 579 737 631 confflem,
769 591 824 618 an
855 577 996 618 debilis
1019 575 1186 629 patriae
1215 588 1408 626 superare
1438 574 1582 615 debeat.

249 649 345 691 639.
394 660 600 689 INTEGER
626 660 737 689 AEVI
764 658 957 689 SANGVIS
990 646 1160 700 plenam
1194 646 1380 686 aetatem
1407 644 1623 698 significat
1649 659 1698 685 ex
1730 658 1826 684 san-

133 721 277 774 guine,
317 718 390 773 qui
426 720 511 760 nen
550 721 614 759 est
652 718 820 773 integer
858 717 941 758 nisi
973 717 1018 758 in
1049 715 1286 757 iuvenibus.
1348 729 1445 756 nam
1479 714 1625 755 dicunt
1656 714 1825 768 physici

132 791 267 832 minui
299 789 552 843 sanguinem
584 803 659 842 per
697 790 902 830 aetatem:
940 787 1050 828 uncle
1084 789 1126 827 et
1157 786 1198 826 in
1233 785 1405 826 senibus
1438 787 1600 825 tremor
1632 786 1708 825 est.

132 875 230 903 sane
255 859 425 902 ‘aevum'
457 860 522 900 hic
552 860 607 900 ad
636 872 766 900 annos
791 859 938 910 referre
963 858 1161 908 debemus,
1193 870 1283 897 omn
1308 856 1409 897 alibi
1435 858 1588 908 tenipus
1618 855 1826 908 siqnifieet,

131 935 178 973 nt
206 944 411 983 aevoque
440 930 672 982 sequenti.
728 932 765 970 et
789 928 1014 981 <111415>
1043 930 1231 968 tantum
1262 927 1369 967 aevi
1401 926 1670 978 longinqua
1700 925 1829 966 valet

132 1005 321 1043 mutare
357 1004 580 1042 vetustas.
702 1010 787 1041 SVO
825 1010 1010 1040 ROBORE
1051 998 1141 1039 sine
1179 997 1356 1038 alterius
1396 996 1573 1050 auxilio,
1615 1011 1696 1050 quo
1730 997 1827 1049 eget

133 1071 354 1113 Anchises.
416 1075 453 1112 et
481 1072 584 1112 ditas
614 1083 678 1111 res
708 1070 804 1111 dicit
816 1083 829 1110 .·
861 1073 899 1110 et
927 1070 1087 1110 iuvenes
1117 1068 1229 1122 estis,
1259 1071 1296 1108 et
1325 1068 1437 1121 sani,
1469 1080 1640 1120 (sitorum
1670 1069 1828 1107 atrinn-

132 1158 207 1197 qne
235 1143 338 1184 milii
368 1143 482 1184 deest.
601 1158 725 1182 STANT
744 1143 934 1193 perstant
962 1140 1190 1192 solidaeque
1220 1142 1326 1180 sunt.

252 1214 347 1255 640.
396 1229 564 1254 AGITATE
592 1212 805 1264 disponite,
837 1212 1011 1264 eogsitate.
1069 1210 1292 1252 Sallustius
1324 1210 1544 1251 traditur
1574 1209 1742 1262 sufflant
1775 1209 1828 1249 in

133 1285 300 1326 oceani
332 1284 600 1337 lonqinqna
631 1282 910 1335 ayitavisse.

252 1355 349 1397 641.
400 1365 688 1396 CAELICOLAE
735 1352 787 1394 acl
829 1366 932 1406 quos
974 1354 1123 1392 nostra
1165 1351 1353 1404 pertinet
1396 1350 1506 1403 vita,
1550 1352 1598 1390 ut
1639 1348 1831 1402 (1387)

133 1426 265 1467 haud
315 1424 468 1466 credo
519 1424 716 1465 invisus
769 1422 1082 1464 caelestibus
1134 1437 1283 1463 auras
1333 1421 1526 1462 vitales
1577 1420 1744 1474 carpis
1790 1421 1833 1460 et

135 1496 222 1548 <XI
261 1496 344 1549 51>
386 1509 476 1536 nos
519 1494 751 1535 iuvenem
802 1492 1087 1534 exanimum
1143 1493 1191 1532 et
1245 1491 1320 1532 nil
1369 1492 1466 1532 iam
1519 1490 1831 1532 caelestibus

134 1566 258 1607 ullis
291 1565 559 1606 debentem
591 1567 633 1606 et
664 1564 754 1618 <VI
788 1565 898 1617 730>
931 1564 1113 1617 igneus
1155 1564 1232 1603 est
1268 1562 1380 1602 illis
1413 1562 1559 1616 vigor
1592 1564 1640 1602 et
1673 1562 1833 1603 caele-

137 1637 232 1678 stis
266 1636 424 1691 origo.
470 1636 611 1677 anima
637 1636 749 1676 enim
776 1635 883 1677 caeli
909 1650 1006 1689 pars
1034 1637 1115 1688 est,
1147 1647 1290 1686 eorpus
1315 1636 1517 1687 nostrum,
1549 1633 1700 1673 umbra
1726 1632 1831 1673 infe·

135 1722 291 1749 rorum.
352 1706 447 1748 ideo
482 1714 584 1761 ergo
622 1720 710 1747 non
746 1706 891 1760 posuit
930 1705 1132 1760 generale
1169 1718 1325 1744 nomen
1364 1703 1555 1757 deorum,
1594 1705 1636 1743 et
1673 1702 1835 1743 addidit

136 1778 409 1832 caelestibus,
445 1792 499 1818 ne
537 1777 809 1818 crederentur
847 1776 1003 1817 inferni
1036 1776 1114 1829 dii,
1154 1775 1227 1830 qui
1258 1775 1427 1816 (latores
1459 1773 1573 1814 vitae
1605 1788 1691 1814 non
1723 1775 1833 1814 sunt.

255 1849 352 1890 642.
402 1858 529 1889 SATIS
563 1858 802 1896 SVPERQVE
843 1847 895 1888 ad
937 1849 1214 1901 augmentum
1247 1843 1499 1899 esuperque’
1533 1844 1707 1885 addidit.
1770 1845 1834 1884 est

138 1922 279 1962 autem
323 1919 482 1960 tmesis.
550 1932 650 1959 sane
690 1918 907 1959 sciendum
952 1920 1016 1959 est
1060 1931 1150 1958 esse
1195 1916 1360 1971 aliqua,
1406 1929 1512 1969 quae
1557 1917 1834 1969 augmentum

137 2006 222 2032 non
258 1989 491 2044 recipiunt,
528 2003 582 2030 ne
608 1988 758 2034 vminus
798 1988 1057 2043 significent,
1093 1990 1143 2028 ut
1176 1985 1377 2040 [‘satis⁷,]
1421 1983 1695 2039 eperfectus’:
1732 1999 1833 2025 nam

139 2061 374 2116 quaeritur,
406 2062 550 2100 utrum
577 2057 838 2113 ‘perfectior’
871 2057 1009 2112 possit
1033 2057 1191 2112 facere,
1223 2072 1276 2098 ne
1307 2056 1487 2110 incipiat
1520 2054 1694 2107 [‘saffls’]
1730 2054 1834 2109 ‘per-

140 2130 292 2173 fectus’
326 2131 466 2172 minus
501 2130 756 2184 significare.

235 2240 253 2270 7
281 2234 344 2279 qui
368 2246 442 2269 non
468 2236 524 2268 est
548 2234 692 2277 integer
719 2262 725 2268 .
747 2261 754 2267 .
778 2262 784 2268 .
811 2234 949 2266 tremor
974 2233 1043 2277 est]
1072 2243 1183 2267 exscr.
1212 2232 1296 2267 Isid.
1323 2231 1412 2275 orig.
1440 2231 1501 2273 XI,
1530 2234 1561 2273 1,
1588 2234 1652 2264 123
1673 2231 1684 2275 ΙΙ
1704 2235 1724 2264 9
1752 2242 1832 2265 eum

140 2282 230 2318 alibi
266 2283 411 2325 tempus
453 2281 649 2326 significet]
688 2281 732 2314 cf.
766 2279 851 2313 Isid.
887 2279 961 2314 diff.
995 2280 1093 2313 verb.
1122 2284 1164 2314 67
1195 2280 1207 2323 ΙΙ
1247 2283 1289 2313 10
1322 2278 1502 2323 aevoque]
1534 2278 1616 2313 buc.
1642 2278 1728 2311 VIII
1755 2282 1797 2311 27
1825 2278 1835 2322 il

141 2333 185 2364 14
211 2328 423 2373 Sallustius]
450 2328 536 2362 hist.
561 2328 693 2372 fragm.
718 2327 782 2361 lib.
810 2327 824 2360 Ι
851 2330 893 2360 61
916 2326 976 2361 Kr.
1003 2327 1014 2370 ΙΙ
1043 2330 1088 2360 24
1116 2337 1203 2360 sane
1230 2325 1417 2361 sciendum
1445 2353 1451 2359 .
1473 2354 1480 2360 .
1504 2354 1510 2360 .
1539 2324 1761 2370 significare]
1788 2324 1833 2359 cf.

142 2378 242 2411 Serv.
269 2375 316 2410 ad
342 2376 429 2409 Aen.
456 2375 508 2409 XI
535 2379 601 2409 124

238 2474 255 2504 1
283 2471 436 2512 fortasse
460 2470 502 2503 ut
526 2469 557 2502 si
584 2468 664 2512 quis
691 2467 904 2502 dissuadeat
933 2469 945 2512 ΙΙ
977 2472 996 2502 3
1018 2470 1101 2511 post
1125 2467 1280 2511 potestis
1306 2477 1381 2500 non
1405 2466 1510 2500 nulla
1536 2466 1759 2501 intercidisse
1783 2466 1834 2500 vi-

141 2519 289 2560 dentur,
323 2517 433 2551 veluti
465 2517 550 2551 llaec
581 2526 649 2560 ego
680 2515 807 2559 fugere
839 2526 912 2549 non
943 2515 1059 2549 debeo
1090 2526 1158 2549 nec
1190 2525 1349 2558 possum.
1400 2514 1443 2556 cf.
1471 2513 1642 2547 Donatus
1668 2514 1716 2547 acl
1741 2514 1836 2547 leuno

141 2576 288 2599 versum.
315 2564 480 2599 dissentit
505 2563 551 2597 F.
571 2563 768 2597 Schoellins
788 2563 965 2597 coniciens
991 2562 1069 2603 (lin.
1092 2563 1124 2605 1)
1151 2562 1192 2595 ut
1212 2561 1359 2604 oblique
1387 2560 1600 2594 dissuadeat
1618 2571 1691 2594 non
1712 2572 1835 2604 super-

142 2611 342 2647 vivendum
366 2611 464 2655 patri
490 2612 636 2645 Aeneae
655 2606 672 2654 11χ
693 2614 714 2643 4
740 2609 787 2644 ab
812 2609 939 2643 invitis
967 2609 1190 2643 Musonius.-
1216 2620 1263 2642 an
1288 2607 1414 2641 inuitis
1437 2607 1467 2641 C
1482 2608 1493 2651 ΙΙ
1513 2607 1643 2651 annos]
1673 2607 1753 2641 orbi
1774 2607 1803 2641 G
1826 2607 1835 2650 Il

144 2664 163 2694 6
190 2659 238 2694 ad
262 2670 293 2693 v.
323 2663 389 2693 639
417 2658 562 2702 Integer
594 2657 676 2691 aeui
708 2656 873 2701 sanguis]
909 2656 1059 2700 plenam
1085 2657 1246 2690 aetatem
1273 2654 1459 2699 signifieat
1485 2666 1527 2688 ex
1553 2654 1746 2699 sanguine,
1773 2654 1835 2697 qui

144 2707 242 2750 (que)
267 2716 337 2741 non
366 2706 423 2739 est
446 2704 608 2748 integer,
634 2703 707 2738 nisi
731 2703 770 2737 in
795 2703 998 2737 iuuenibus.
1027 2703 1063 2736 P
1082 2704 1094 2747 ΙΙ
1126 2707 1145 2737 7
1171 2702 1210 2736 in
1235 2714 1298 2736 om.
1330 2702 1398 2736 Me
1428 2703 1440 2745 Η
1474 2706 1513 2735 11
1542 2701 1689 2745 nonnum]
1718 2701 1754 2734 id
1781 2702 1835 2734 cst

140 2752 288 2797 proprio
310 2753 393 2786 adol.
415 2752 452 2785 D
471 2752 483 2796 ΙΙ
504 2755 546 2785 14
567 2752 615 2785 ad
634 2762 665 2785 v.
688 2755 755 2785 640
781 2750 950 2795 Agitate]
973 2749 1157 2794 disponite
1179 2749 1352 2794 cogitate.
1375 2748 1438 2792 ΡΗ
1460 2752 1500 2782 17
1523 2747 1595 2781 aud
1616 2748 1649 2781 L
1676 2747 1787 2787 (haud
1811 2748 1835 2789 I)

143 2801 208 2834 aut
232 2799 276 2833 Η
289 2800 301 2844 ΙΙ
322 2799 374 2844 et]
399 2799 441 2833 in
460 2798 645 2842 Lipsiensi
664 2801 696 2832 et
716 2808 823 2841 super
847 2798 941 2832 hanc
958 2808 1073 2832 vocem
1093 2800 1125 2831 et
1143 2808 1251 2840 snper
1270 2807 1341 2830 non
1364 2796 1448 2829 sunt
1474 2796 1553 2838 (lin.
1574 2796 1632 2838 22)
1658 2797 1695 2827 ,Υ
1717 2798 1836 2827 notam

142 2857 272 2880 manus
291 2857 378 2880 saec.
397 2846 501 2880 XII.
518 2846 643 2888 posuit
663 2848 694 2879 et
712 2845 753 2878 in
771 2855 884 2888 maro.
904 2845 990 2879 haec
1009 2845 1204 2887 adscripsit
1224 2843 1319 2877 inter
1338 2843 1404 2876 has
1424 2842 1558 2885 figuras
1578 2841 1615 2874 in
1636 2840 1718 2874 aliis
1740 2841 1836 2874 serui

142 2893 247 2927 libris
273 2893 450 2937 scriptum
475 2903 549 2926 non
567 2891 759 2926 inuentum
780 2893 842 2925 est.
863 2892 875 2935 ΙΙ
894 2891 945 2936 et]
968 2892 1009 2925 ut
1030 2892 1078 2925 Μ
1085 2902 1101 2925 e
1119 2892 1130 2935 ΙΙ
1158 2894 1199 2924 18
1220 2901 1284 2924 uos
1305 2890 1348 2923 Il
1362 2891 1374 2932 ΙΙ
1394 2893 1436 2923 19
1458 2888 1531 2922 illis
1552 2888 1595 2921 Il
1610 2889 1621 2932 ΙΙ
1640 2887 1835 2921 debentem

143 2940 229 2974 ullis
249 2940 288 2973 E
305 2941 316 2984 ΙΙ
336 2944 379 2975 20
400 2941 567 2974 nostrum
588 2938 634 2972 F.
651 2938 848 2972 Sohaemus
867 2939 943 2972 coll.
966 2939 1014 2972 acl
1032 2939 1124 2973 Aen.
1140 2938 1288 2971 V1362:
1309 2947 1396 2970 uero
1419 2935 1449 2969 Ο
1471 2945 1587 2978 aquae
1608 2934 1807 2968 Fabricius

145 2990 187 3020 21
214 2986 298 3021 ideo
323 2988 448 3031 vnlyo:
473 2986 567 3021 adeo
594 2986 679 3020 libri
698 2986 709 3029 Η
728 2985 939 3029 generalem
958 2985 1109 3020 deorum
1128 2995 1261 3019 nomen
1287 2984 1325 3016 H
1340 2984 1351 3026 [Ι
1371 2983 1423 3026 etl
1451 2981 1514 3016 sed
1533 2981 1566 3014 L
1585 2983 1596 3024 ΙΙ
1617 2986 1659 3014 22
1681 2980 1835 3015 caelico-

144 3033 202 3067 lae
223 3033 254 3068 0
269 3035 280 3077 ΙΙ
300 3032 339 3067 di
364 3033 433 3078 ΗΠ
457 3037 501 3067 23
529 3034 577 3067 acl
601 3044 633 3067 υ.
655 3036 721 3067 642
750 3032 846 3066 Satis
873 3032 1077 3076 superquel·
1098 3032 1144 3065 ad
1172 3031 1411 3073 augmentum
1440 3028 1652 3072 ‘superque'
1681 3028 1835 3062 addidjt.

147 3090 233 3113 sane
259 3080 447 3114 sciendum
473 3081 528 3114 est
554 3107 560 3113 .
584 3107 590 3113 .
614 3108 619 3114 .
648 3078 863 3123 significare.
885 3079 921 3112 P
935 3080 946 3123 ΙΙ
965 3078 1068 3113 addit
1088 3079 1121 3112 L
1148 3077 1307 3119 (addidit
1325 3077 1350 3120 l)
1371 3078 1381 3119 ΙΙ
1401 3079 1445 3109 24
1470 3075 1620 3109 temesis
1641 3075 1726 3108 LH
1754 3075 1836 3109 the-

148 3125 257 3161 mesis
278 3126 370 3160 ME
392 3128 404 3171 fl
435 3130 478 3161 25
506 3126 594 3162 satis
619 3126 830 3161 maiusculis
856 3126 984 3161 litteris
1009 3125 1058 3170 L,
1084 3136 1149 3160 om.
1179 3124 1226 3159 M
1232 3123 1270 3157 Ε
1278 3124 1289 3158 l
1314 3125 1325 3168 ss
1353 3127 1396 3158 26
1425 3122 1514 3158 satis
1541 3132 1605 3158 om.
1633 3122 1837 3165 Stephanus

1851 582 1870 613 ι’(

1855 935 1897 965 10

1860 1994 1903 2024 25
