2204 3437
541 189 689 225 COMM.
716 190 767 224 IN
793 190 934 226 VERG.
963 190 1071 224 AEN.
1100 191 1160 226 IV.
1188 196 1336 226 57—5s‘.
1693 194 1778 235 473

91 298 140 336 ut
170 295 212 335 in
246 298 364 338 sexto
398 296 508 350 <38>
540 312 670 339 nunc
701 311 854 352 grege
887 299 942 339 de
979 299 1173 340 intacto
1215 303 1408 353 septem
1449 304 1667 342 mactare
1706 303 1777 343 iu-

90 380 286 407 vencos.
352 366 585 410 ‘bidentes’
620 371 762 410 autem
801 369 938 410 dictae
977 371 1075 409 sunt
1115 370 1235 423 quasi
1274 370 1467 422 biennes,
1508 372 1607 425 quia
1644 386 1778 426 neque

91 436 288 491 minores,
320 451 455 492 neque
489 439 669 480 maiores
702 439 858 480 licebat
891 439 1054 480 hostias
1087 439 1197 480 dare.
1260 444 1358 481 sunt
1391 441 1520 481 etiam
1552 443 1595 482 in
1629 443 1777 483 ovibus

91 506 171 547 duo
204 507 507 549 eminentiores
541 510 686 550 dentes
719 510 831 550 inter
864 513 971 563 octo,
1005 509 1186 563 quinon
1218 511 1301 551 nisi
1335 511 1443 551 circa
1475 511 1682 552 bimatum
1711 528 1775 567 ap-

89 581 257 630 parent:
282 593 358 620 nec
378 580 421 619 in
443 580 652 634 omnibus,
674 580 745 621 sed
773 580 816 620 in
842 579 908 620 his
931 594 1037 633 quae
1057 584 1155 621 sunt
1179 584 1303 634 aptae
1331 582 1474 635 sacris,
1494 582 1778 625 inveniuntur.
1805 593 1818 620 ι’

208 649 276 690 58.
326 661 585 691 LEGIFERAE
618 661 784 691 CERERI
816 641 932 705 leges
966 651 1078 692 enim
1110 651 1204 704 ipsa
1236 651 1390 692 dicitur
1417 652 1648 694 invenisse:
1680 669 1777 694 nam

92 721 134 759 et
169 734 288 761 sacra
320 721 454 774 ipsius
486 721 809 774 thesmophoria
840 724 1061 775 vocantur,
1101 723 1163 773 [id
1197 729 1251 763 est
1286 723 1542 775 legsumlatlo]
1602 725 1673 765 sed
1700 724 1778 765 hoc

89 789 183 830 ideo
215 790 408 845 fingitur,
443 792 543 846 quia
576 794 673 832 ante
706 792 923 833 inventum
956 792 1217 833 frumentum
1256 808 1279 833 a
1319 792 1470 834 Cerere
1507 795 1669 847 passim
1707 795 1779 837 ho-

89 861 224 902 mines
258 861 348 902 sine
381 863 475 916 lege
508 862 800 916 vagabantur:
835 878 943 917 quae
970 863 1115 904 feritas
1143 864 1384 917 interrupta
1412 867 1475 904 est
1502 864 1673 906 invento
1702 881 1778 907 usu

88 930 414 987 frumentorum,
445 934 675 987 postquam
709 948 757 974 ex
790 947 989 988 agrorum
1023 934 1230 975 divisione
1264 937 1363 975 nata
1396 938 1495 975 sunt
1526 935 1629 976 iura.
1680 936 1777 977 tlws—

88 1002 301 1055 mophoria
332 1007 466 1045 autem,
496 1007 690 1045 vocantur
722 1005 961 1058 leyemzlate'o.
1011 1019 1066 1046 cm
1097 1006 1195 1058 qnia
1226 1006 1271 1046 in
1302 1006 1396 1046 aede
1423 1005 1579 1047 Cereris
1605 1021 1694 1047 aere
1722 1009 1779 1047 in-

89 1074 193 1115 cisae
214 1075 374 1126 positae
406 1075 505 1127 leyes
533 1074 729 1125 faermet?
821 1087 1101 1125 PHOEBOQVE
1137 1076 1207 1130 qui
1239 1079 1409 1129 praeest
1442 1077 1656 1130 auspiciis,
1690 1078 1777 1132 qui-

90 1144 168 1185 bus
215 1145 342 1186 urbes
387 1148 606 1199 reguntur.
726 1158 956 1196 PATRIQVE
1001 1158 1154 1187 LYAEO
1199 1148 1327 1188 dictas
1370 1147 1525 1201 Lyaeos
1569 1143 1652 1188 ἀπὸ
1701 1149 1779 1189 τοῦ

89 1214 230 1269 λύειν,
263 1217 370 1269 quod
399 1216 527 1257 monio
556 1217 650 1257 vino
688 1217 866 1258 membra
904 1217 1122 1258 solvantur.
1191 1217 1274 1271 qui,
1307 1220 1359 1267 ,ut
1397 1232 1526 1271 supra
1564 1217 1654 1270 <Ill
1696 1219 1779 1271 20>

89 1285 284 1340 diximus,
319 1289 417 1341 apte
450 1286 626 1327 urbibus
659 1287 873 1328 libertatis
907 1290 972 1328 est
1004 1288 1124 1348 deus3
1156 1287 1265 1329 unde
1299 1288 1427 1329 etiam
1455 1288 1662 1343 Marsyas,
1691 1290 1779 1330 eius

90 1357 299 1412 minister,
333 1361 398 1399 est
429 1358 473 1398 in
505 1358 770 1412 civitatibus,
805 1360 846 1399 ἱη
875 1358 964 1410 foro
988 1360 1165 1412 positus,
1198 1359 1410 1400 libertatis
1450 1360 1672 1414 indicium,
1711 1362 1781 1413 (soti

89 1431 215 1469 erecta·
246 1442 371 1470 memet
406 1432 574 1470 testatur
604 1429 710 1471 m'lzz'l
741 1430 833 1470 'urbi
872 1431 1009 1471 deesse.
1071 1433 1113 1470 et
1146 1430 1381 1471 communis
1414 1430 1494 1471 hoc
1524 1431 1655 1472 habet
1690 1446 1780 1472 sen—

90 1513 178 1540 sus:
212 1500 492 1554 sacrificabat,
525 1501 676 1555 inquit,
709 1500 846 1554 primo
874 1501 1134 1555 numinibus,
1162 1515 1268 1555 quae
1295 1501 1391 1542 urbi
1417 1505 1634 1557 praesunt,
1661 1504 1780 1556 quasi

88 1573 275 1624 nuptura
313 1586 389 1625 pro
430 1572 617 1613 utilitate
655 1572 717 1613 rei
753 1572 968 1627 publicae3
1008 1572 1160 1614 deinde
1198 1572 1368 1626 Iunoni,
1414 1573 1480 1614 cui
1520 1587 1642 1614 curae
1681 1577 1781 1615 sunt

88 1642 276 1695 nuptiae.
336 1643 412 1683 alit
442 1644 582 1684 dicunt
610 1643 681 1684 hos
720 1644 811 1685 cleos
848 1657 944 1696 qnos
975 1645 1301 1685 commemoravit
1331 1645 1486 1696 nuptiis
1516 1658 1595 1686 esse
1626 1649 1780 1686 contra-

87 1713 191 1753 rios.-
224 1712 403 1754 Cererem
434 1715 530 1766 quia
555 1717 722 1767 propter
752 1717 917 1767 ‘raptum
943 1715 1054 1768 filiae
1079 1716 1245 1768 nuptias
1271 1718 1507 1769 exsecratur,
1538 1717 1598 1756 rel
1628 1730 1675 1757 ea·
1705 1731 1780 1769 quo

88 1783 178 1825 Iovi
202 1788 330 1837 mcpta
359 1785 545 1837 praelata
575 1785 734 1826 Iunone
763 1787 978 1838 repudiata
1015 1789 1092 1827 cst:
1130 1800 1229 1827 ozam
1266 1800 1356 1827 cum
1392 1786 1589 1827 Eleusine
1627 1787 1782 1829 Cereris

87 1868 250 1896 sacrum
288 1856 352 1909 fit,
392 1857 505 1898 aedes
545 1856 721 1898 Iunonis
761 1857 986 1906 clamleftm·;
1037 1858 1129 1898 item
1174 1871 1263 1898 eum
1295 1857 1450 1898 [amoni
1489 1858 1685 1899 Eleusine
1723 1860 1781 1912 fit,

91 1926 280 1977 templum
313 1925 468 1968 Cereris
499 1927 714 1981 clauditur,
744 1941 814 1968 nec
844 1928 1042 1968 sacerdoti
1072 1927 1247 1968 [emonis
1280 1928 1368 1969 licet
1393 1932 1557 1981 mestarc
1581 1930 1686 1970 mule
1712 1929 1778 1970 Ce-

89 1997 171 2038 reri
201 1998 255 2038 sit
279 1998 459 2040 libatum.
520 2001 557 2039 et
579 1998 735 2039 Romae
765 2012 855 2040 cum
881 1996 1017 2040 Cereri
1046 2012 1165 2040 sacra
1195 2000 1318 2052 fiunt,
1351 2000 1580 2041 observatur
1610 2014 1659 2041 oze
1689 2001 1779 2052 quis

81 2071 244 2121 patrem
275 2072 349 2109 aut
376 2069 509 2122 filiam
540 2070 729 2120 nominet,
761 2071 868 2123 quod
894 2070 1052 2121 fruetus
1076 2071 1332 2111 matrimonii
1354 2084 1431 2123 per
1457 2071 1598 2112 liberos
1623 2075 1778 2112 constet.

185 2213 204 2242 2
231 2208 398 2243 bidentes
425 2210 548 2244 autem
575 2220 604 2243 e.
627 2221 658 2253 q.
681 2209 725 2254 s.]
754 2209 797 2243 cf.
824 2208 917 2244 Gell.
944 2209 1027 2243 XVI
1055 2214 1073 2244 6
1101 2211 1138 2243 et
1163 2209 1247 2244 Isid.
1278 2221 1327 2245 or.
1352 2210 1419 2244 Xll
1442 2216 1471 2253 1,
1493 2215 1513 2244 9
1539 2212 1551 2255 Η
1578 2216 1594 2245 7
1623 2211 1684 2245 sed
1711 2212 1779 2246 hoc

89 2255 172 2289 ideo
198 2255 348 2300 fingitur
455 2256 550 2302 iura]
578 2268 691 2291 exscr.
719 2257 901 2301 mythogr.
930 2256 980 2290 Ill
1002 2260 1032 2299 7,
1056 2261 1073 2290 1
1094 2258 1106 2301 Η
1128 2261 1168 2291 12
1197 2258 1418 2301 Phoeboque
1446 2269 1474 2293 e.
1496 2270 1529 2301 q.
1553 2271 1578 2292 S.
1600 2271 1657 2302 ap.
1680 2259 1779 2294 Serv.

89 2314 203 2348 usque
230 2303 277 2338 ad
305 2303 357 2338 ‘et
382 2303 433 2338 sic
458 2304 639 2338 Junonem
666 2304 871 2348 conciliat⁷j
900 2315 1012 2338 exscr.
1039 2305 1222 2349 mythogr.
1250 2305 1299 2338 HI
1326 2309 1357 2347 9,
1388 2310 1427 2339 13

186 2437 202 2467 1
231 2433 276 2468 cle
301 2444 412 2478 grege
438 2434 482 2467 N
501 2435 512 2478 Η
536 2433 675 2469 intacte
701 2434 745 2467 H
764 2435 776 2478 Η
804 2438 823 2467 2
850 2433 1016 2468 bibentes
1043 2434 1076 2467 L
1100 2435 1111 2478 Η
1140 2438 1160 2468 3
1186 2446 1303 2478 neque
1330 2435 1504 2480 maiores]
1532 2438 1596 2471 aut
1621 2437 1778 2471 maiores

93 2480 217 2515 NHL
236 2482 248 2525 Η
273 2480 385 2516 ostias
406 2481 440 2515 L
459 2482 470 2525 Η
495 2485 514 2515 5
542 2480 730 2516 sacrifieiis
751 2481 790 2514 Γ
805 2482 817 2525 Η
844 2485 862 2515 7
888 2481 1171 2526 thesmophorus
1198 2482 1237 2515 Γ
1253 2484 1264 2527 Η
1289 2482 1326 2516 id
1353 2484 1408 2517 est
1432 2483 1661 2527 legumlatio,
1688 2496 1779 2528 qaae

89 2529 233 2571 seclusi,
260 2532 343 2563 ante
367 2531 545 2563 vocantur
571 2529 754 2563 collocavit
780 2528 917 2562 Daniel
941 2530 952 2572 Η
978 2532 997 2563 9
1025 2528 1102 2563 sine
1130 2529 1210 2574 lege
1239 2558 1245 2564 .
1275 2557 1281 2563 .
1310 2559 1315 2564 .
1343 2532 1538 2574 postquam
1565 2542 1630 2565 om.
1654 2532 1709 2574 M,
1736 2533 1777 2566 in

89 2586 202 2620 mary.
228 2576 406 2619 supplevit
432 2577 583 2620 antiqua
607 2587 738 2615 manas
767 2578 778 2620 Η
812 2580 853 2610 10
878 2578 963 2620 post
988 2587 1097 2620 quem
1125 2577 1189 2610 Ml
1216 2578 1228 2621 Η
1260 2577 1479 2612 discretione
1506 2578 1545 2611 F
1573 2579 1584 2622 Η
1614 2578 1775 2613 thesmo—

89 2623 219 2666 phorio
247 2622 312 2667 ΓΗ
341 2627 381 2657 12
407 2623 554 2668 quibus]
583 2635 604 2658 a
629 2635 701 2667 quo
728 2623 766 2657 H
785 2624 797 2668 Η
818 2627 859 2657 13
886 2636 1056 2662 ΡΛΤηιῳΈ
1083 2634 1148 2658 om.
1175 2624 1213 2657 Γ
1230 2626 1241 2668 Η
1262 2636 1363 2658 LIAEO
1391 2625 1422 2658 L
1462 2638 1584 2659 musso
1611 2626 1653 2659 Π
1691 2639 1776 2659 nri-20

93 2670 141 2704 M
157 2672 169 2715 Η
188 2670 308 2705 dictus
335 2671 527 2715 Hayewas:
553 2671 660 2704 dictis
687 2670 726 2704 F
753 2673 764 2713 Η
796 2667 870 2704 ἀπὸ
897 2671 962 2704 τοῦ
989 2668 1091 2705 λύειν
1116 2673 1263 2715 scripsi:
1288 2674 1379 2716 aput
1405 2672 1455 2706 oli
1481 2673 1517 2705 in
1544 2672 1590 2707 Γ.
1627 2677 1777 2707 θρίω-«κω

91 2717 210 2752 dictus
236 2746 244 2752 .
268 2745 274 2752 .
298 2746 304 2753 .
331 2718 521 2752 solvantur
546 2728 610 2752 om.
638 2718 774 2752 Daniel
792 2719 803 2762 Η
831 2721 871 2751 15
898 2718 1051 2752 marsias
1077 2718 1208 2752 NLH
1222 2720 1233 2762 Η
1253 2719 1329 2753 eius
1357 2748 1363 2754 .
1388 2749 1393 2754 .
1417 2749 1423 2754 .
1450 2719 1643 2765 indicium]
1673 2720 1776 2754 mini-

91 2765 164 2799 ster
195 2764 271 2799 cius
302 2776 368 2809 per
399 2765 570 2800 ciuitates
600 2765 637 2799 in
668 2765 748 2800 foro
780 2765 920 2808 positus
946 2767 962 2798 t
987 2766 1045 2809 (=
1074 2766 1176 2810 (ΜΡ)
1203 2766 1385 2800 libertatis
1417 2766 1591 2801 indicium
1627 2769 1682 2801 est
1708 2768 1746 2800 Γ

93 2816 135 2847 16
160 2811 358 2858 libertatis]
385 2812 459 2847 imo
484 2812 648 2847 iustitiae
674 2813 757 2847 add.
785 2812 880 2847 Lion
899 2812 910 2856 Η
930 2812 993 2856 qui
1019 2841 1026 2848 .
1048 2840 1054 2847 .
1079 2840 1084 2846 .
1112 2813 1238 2848 deesse
1265 2814 1377 2848 edidit
1397 2814 1602 2857 Stephanus
1620 2815 1632 2859 Η
1655 2818 1694 2847 18
1724 2826 1778 2847 sa-

681 2880 697 2896 v

92 2906 269 2941 crificabit
288 2907 331 2940 H
345 2908 357 2952 Η
375 2907 505 2951 inquid
525 2907 611 2940 FN
625 2909 636 2951 Η
654 2906 863 2941 nominibus
883 2907 925 2940 N
953 2907 1121 2942 omnibus
1142 2908 1210 2951 ΠΗ
1230 2908 1339 2952 quae]
1368 2907 1429 2952 qui
1452 2908 1492 2941 II
1508 2909 1519 2952 Η
1538 2908 1658 2953 quasi]
1687 2920 1777 2953 quos

92 2953 135 2987 H
150 2955 161 2998 Η
181 2957 223 2988 19
251 2955 335 2988 sunt
358 2954 525 3000 nuptiae]
551 2954 622 2988 fuit
646 2955 759 2998 nupte
786 2953 824 2987 F
840 2955 851 2998 Η
879 2958 923 2988 20
950 2953 1015 2989 alii
1040 2955 1166 2989 dicunt
1193 2983 1199 2988 .
1223 2983 1228 2989 .
1252 2983 1258 2990 .
1286 2957 1323 2989 et
1347 2955 1583 2989 matrimonia
1608 2956 1672 2990 dat
1696 2957 1775 2992 Ital).

92 3000 255 3035 Ambros.
275 3002 287 3045 Η
306 3003 571 3036 commemorat
593 3001 754 3035 Ambros.
782 3000 892 3035 nimis
918 3002 1052 3036 addens
1070 3003 1081 3046 Η
1102 3006 1143 3035 21
1167 3001 1333 3036 Cererem
1360 3002 1446 3045 quia
1471 3003 1653 3036 Ambros..-
1681 3014 1776 3037 cere-

92 3058 264 3092 remquae
280 3048 319 3082 F
345 3048 583 3092 Cereremque
598 3048 734 3082 Daniel
750 3049 891 3091 primus
909 3049 921 3093 Η
941 3052 1164 3083 exsecratam
1181 3049 1316 3083 Daniel
1329 3050 1473 3092 primus
1492 3050 1503 3092 Η
1523 3054 1566 3083 22
1581 3050 1776 3085 Eleusinae

93 3095 254 3129 Ambros.
275 3096 287 3140 Η
312 3100 354 3130 23
382 3096 505 3141 aedes]
533 3095 609 3130 edis
636 3095 675 3129 Γ
691 3097 702 3139 Η
721 3095 891 3130 Eleusine
918 3107 982 3130 om.
1010 3097 1171 3130 Ambros.
1193 3097 1204 3140 Η
1233 3101 1276 3129 24
1303 3096 1500 3130 sacerdotii
1526 3096 1566 3130 Γ
1587 3099 1598 3141 Η
1625 3102 1667 3131 27)
1695 3110 1777 3132 cum

93 3152 197 3176 sacra
222 3141 361 3177 Cereris
388 3143 474 3178 sunt
498 3143 661 3178 Ambros.
681 3144 693 3187 Η
719 3147 761 3177 26
787 3143 932 3178 nomine
959 3143 1011 3189 Γ,
1038 3155 1128 3179 corr.
1155 3143 1301 3179 Daniel.
1340 3143 1507 3178 nominat
1532 3144 1694 3180 Ambros.

1807 945 1849 976 10

1808 1299 1848 1329 15
