2204 3437
329 556 348 586 5

310 910 350 938 10

309 1261 351 1290 15

309 1968 351 1998 25

376 153 462 195 366
1141 152 1298 190 SERVII

496 262 590 303 125.
640 273 1013 313 BACCIIATAMQVE
1054 274 1176 304 Ivcls
1216 273 1375 303 NAXON
1413 264 1486 303 aut
1522 262 1682 303 vitibus
1724 263 1952 318 consitam,
1996 266 2069 305 aut

377 334 637 375 celebrabam
669 333 862 388 Bacchis,
893 337 968 375 aut
998 334 1072 375 ubi
1098 332 1292 374 Bacchus
1325 347 1375 374 ex
1406 332 1536 387 Indis,
1566 334 1626 375 vel
1655 336 1702 374 at
1730 334 1898 386 quidam
1928 334 2069 376 volunt

367 407 463 456 post
493 405 662 445 devictos
688 405 874 458 yiyantes
912 404 1002 459 egit
1039 404 1326 457 triumphum3
1376 418 1476 444 nam
1514 406 1562 445 ut
1602 418 1732 458 supra
1765 404 1814 458 <I
1847 404 1931 458 67>
1965 404 2069 445 dixi-

376 490 482 529 mUS,
513 475 597 529 ipsi
629 478 877 516 consecrata
908 477 990 516 est:
1036 490 1142 530 quae
1176 477 1219 516 et
1250 473 1334 515 Dia
1365 474 1530 517 dicitur.
1681 465 1912 518 Baocfflmit
1943 476 2066 535 [ayo]

374 546 420 586 in
449 560 530 598 qua
561 545 774 587 bacchatus
803 546 858 586 sit
876 546 1021 595 Liber,·
1054 549 1128 586 aut
1157 546 1243 587 'ideo
1269 548 1435 599 matam
1453 545 1629 595 Baccho,
1660 547 1768 598 quod
1795 546 1853 587 iba·
1884 559 1975 587 cam
2005 559 2067 586 ‘re—

377 616 470 657 licta
511 630 537 656 a
578 616 728 657 Theseo
771 615 962 657 Ariachw
1002 616 1260 658 libentissime
1300 616 1569 667 mamchaei-it,
1610 617 1676 657 cui
1715 617 1838 658 etiam
1878 630 2069 658 eoronam

375 687 551 740 donavit,
582 700 685 739 quae
708 690 849 739 postea
878 687 986 728 inter
1015 687 1151 728 sidera
1182 687 1375 728 collocata
1405 690 1472 728 est.
1592 698 1888 736 VIRIDEMQVE
1922 698 2067 729 DONV-

377 768 465 797 SAM
497 757 556 798 vel
588 772 612 798 a
644 757 785 798 colore
819 757 1045 799 marmoris
1077 756 1418 812 Lacedaemonii,
1448 758 1509 799 vel
1538 758 1769 799 silvestrem.

498 828 592 869 126.
642 839 860 870 OLEARON
892 843 979 870 non
1012 828 1168 869 adiecit
1200 828 1422 882 epitheton
1454 843 1582 870 causa
1613 828 1851 870 varietatis.
2003 841 2071 870 NI-

378 909 598 947 VEAMQVE
637 910 790 941 PARON
827 899 937 940 unde
977 898 1203 940 candidum
1242 913 1448 953 marmor,
1492 901 1540 939 ut
1582 898 1631 952 <Ι
1669 898 1783 952 593>
1823 899 2071 941 Pariusve

377 969 512 1022 lapis
545 969 888 1011 circumdatur
920 984 1053 1011 auro.
1175 981 1466 1020 SPARSASQVE
1498 981 1585 1010 PER
1610 981 1799 1019 AEQVOR
1832 981 2069 1011 CYCLADAS

379 1042 422 1079 et
453 1039 533 1081 hae
567 1054 670 1094 quas
704 1040 824 1094 dixit,
857 1040 1050 1094 cyclades
1084 1042 1202 1081 sunt:
1236 1040 1346 1081 unde
1378 1040 1519 1081 minus
1554 1042 1619 1081 est
1652 1039 1715 1081 ‘et
1748 1039 1887 1081 alias'.
1933 1040 2072 1094 ‘spar-

379 1109 470 1150 sas’
498 1113 653 1164 autem⁷
687 1111 786 1165 quia
816 1111 936 1152 nullo
970 1111 1118 1152 ordine
1151 1111 1436 1165 continentur,
1468 1113 1516 1152 ut
1547 1110 1810 1165 stoechades,
1843 1125 1950 1165 quae
1982 1107 2068 1152 ἀπὸ

377 1180 457 1221 τοῦ
489 1183 666 1235 στοίχου
698 1181 834 1223 dictae
868 1185 984 1236 sunt3
1018 1184 1160 1223 rectae
1193 1183 1305 1224 enim
1337 1185 1447 1223 sunt.
1493 1182 1687 1236 cyclades
1721 1196 1821 1223 vero
1854 1197 1945 1223 non
1976 1182 2071 1223 ideo

378 1250 592 1305 dicuntur,
632 1251 730 1305 quia
760 1252 806 1292 in
837 1252 1101 1293 rotunditate
1135 1254 1250 1306 sunt,
1289 1252 1363 1293 sed
1397 1252 1508 1307 quod
1540 1253 1670 1306 longo
1704 1252 1852 1294 ordine
1885 1267 1956 1294 eas
1990 1253 2068 1293 cir-

377 1321 535 1363 cumire
572 1336 743 1364 necesse
783 1326 859 1364 est.
921 1323 998 1364 alii
1034 1323 1231 1375 sporadas
1270 1324 1434 1364 nomine
1471 1323 1680 1376 cycladum
1721 1325 1849 1365 dictas
1891 1324 2072 1378 tradunt,

375 1393 483 1444 quod
511 1406 678 1445 sparsae
708 1397 813 1435 semi.

499 1464 593 1505 127.
643 1458 847 1505 LEGIMVS
880 1464 1182 1518 praeterimus,
1214 1467 1262 1505 ut
1294 1465 1436 1519 <292>
1470 1465 1733 1519 litoraque
1764 1464 1913 1519 Epiri
1944 1466 2072 1519 legi-

378 1548 496 1574 mus.
558 1536 723 1575 tractus
756 1537 899 1575 autem
933 1549 1072 1576 sermo
1106 1550 1131 1576 a
1161 1536 1326 1589 nautis,
1367 1535 1477 1589 quod
1509 1535 1655 1576 funem
1688 1535 1888 1590 legendo,
1933 1536 1975 1576 id
2008 1538 2073 1576 est

378 1604 635 1658 colligendo,
668 1620 821 1659 aspera
852 1606 946 1647 loca
977 1608 1263 1659 praetereunt.
1388 1617 1538 1647 FRETA
1571 1617 1774 1648 CONCITA
1806 1617 1971 1647 TERRIS
2004 1606 2071 1648 vel

377 1677 552 1729 propter
588 1677 926 1729 promunctoria:
971 1677 1038 1718 vel
1078 1677 1190 1731 quod
1227 1676 1424 1718 naturale
1464 1679 1547 1731 est,
1585 1679 1633 1718 ut
1671 1677 1956 1718 concitatiora
1987 1678 2074 1718 sint

378 1746 514 1787 maria
552 1746 773 1788 vicinitate
812 1750 1041 1801 terrarum,
1079 1762 1183 1802 quas
1223 1749 1393 1789 constat
1431 1748 1671 1789 anhelitum
1704 1748 1913 1803 quendam
1948 1763 1997 1789 ex
2031 1762 2074 1789 se

379 1817 595 1858 emittere:
628 1817 738 1859 unde
770 1818 814 1858 in
847 1819 996 1872 quinto
1028 1819 1310 1873 navigaturus
1343 1819 1510 1860 Aeneas
1542 1818 1674 1873 Eryci
1708 1819 1932 1860 sacrificat.

502 1888 594 1929 128.
644 1905 837 1931 NAVTICI'S
861 1891 1089 1943 etreliqua.
1133 1890 1308 1931 celeuma
1338 1891 1550 1932 nauticmn
1581 1894 1639 1932 est
1667 1890 1738 1931 720⁶
1768 1890 2075 1932 hemistichium.

498 1970 683 1999 CRETAM
714 1972 1017 2010 PROAVOSQVE
1050 1972 1265 2002 PETAMVS
1298 1961 1489 2002 celeuma
1521 1961 1679 2002 dicunt.
1726 1963 1768 2002 et
1798 1961 1906 2002 bene
1938 1962 2074 2002 met-ro

474 2086 493 2114 9
521 2080 751 2124 Niveamque
777 2082 897 2116 Paron
923 2110 930 2116 .
952 2109 959 2116 .
983 2109 990 2116 .
1018 2083 1192 2128 marmor]
1221 2083 1265 2116 cf.
1289 2082 1370 2117 Isid.
1400 2093 1449 2117 or.
1478 2082 1560 2116 XIV
1581 2087 1612 2125 (3,
1634 2086 1677 2116 29
1698 2084 1709 2127 ΙΙ
1731 2086 1773 2116 13
1793 2084 1834 2117 ut
1854 2082 2073 2117 stoechades

417 2156 423 2162 .
452 2155 459 2162 .
486 2138 635 2162 necesse
661 2128 732 2173 est]
769 2127 813 2162 cf.
842 2128 923 2163 Isid.
952 2140 1002 2163 or.
1030 2128 1114 2163 XIV
1142 2134 1173 2173 6,
1202 2134 1243 2163 19
1271 2130 1309 2163 et
1334 2132 1378 2163 38
1409 2130 1421 2173 ΙΙ
1454 2133 1497 2163 14
1523 2129 1692 2173 cyclades
1720 2148 1728 2164 .<
1756 2156 1762 2162 .
1791 2157 1799 2164 .
1825 2140 1973 2164 necesse
2000 2129 2072 2174 est]

381 2186 493 2209 exscr.
527 2175 631 2209 Luct.
657 2175 756 2210 Plac.
789 2176 836 2209 ad
863 2175 955 2212 Stat.
982 2176 1072 2211 Ach.
1100 2177 1115 2209 I
1141 2180 1209 2210 390
1246 2178 1258 2220 ΙΙ
1296 2180 1339 2209 18
1367 2176 1540 2220 Legimus
1568 2204 1574 2210 .
1603 2205 1609 2211 .
1638 2206 1644 2211 .
1672 2177 1925 2221 praetereunt]
1960 2187 2073 2210 exscr.

380 2222 463 2302 {sid
492 2233 544 2302 <ffl
570 2222 706 2302 {4154¹
734 2222 808 2256 diff.
837 2223 935 2257 verb.
963 2227 1031 2257 335
1059 2223 1104 2258 cf.
1131 2224 1234 2258 Luct.
1261 2223 1360 2258 Plac.
1390 2224 1436 2258 ad
1463 2224 1555 2258 Stat.
1577 2224 1691 2258 Theb.
1713 2224 1850 2258 1¹13¹25
1878 2225 1915 2258 et
1941 2234 2071 2258 comm.

411 2280 466 2303 ΠΟ.

474 2391 493 2420 3
522 2387 713 2421 deuinctos
736 2386 842 2431 F114
863 2388 911 2421 ad
935 2387 1230 2431 bacchatamque
1255 2398 1354 2432 supr.
1381 2398 1469 2422 vers.
1497 2388 1595 2431 quod
1620 2387 1673 2422 ibi
1698 2387 1879 2422 bachatus
1906 2388 1955 2423 sit
1979 2387 2073 2422 liber

380 2436 487 2479 pater
507 2435 571 2468 aut
590 2433 672 2468 ideo
694 2433 808 2468 etiam
828 2435 1081 2469 consecratam
1102 2435 1220 2469 bacho
1240 2435 1339 2479 quod
1358 2434 1410 2469 ibi
1429 2435 1523 2469 liber
1543 2435 1782 2469 concubuerit
1801 2446 1884 2469 cum
1905 2435 2074 2469 ariathne

380 2482 510 2516 relicta
542 2492 563 2513 a
593 2481 719 2515 theseo
756 2481 814 2515 cui
840 2481 952 2516 etiam
978 2483 1015 2516 et
1041 2493 1214 2516 coronam
1241 2482 1394 2516 donauit
1418 2493 1512 2526 quae
1538 2483 1669 2526 postea
1693 2482 1790 2516 inter
1816 2482 1936 2517 sidera
1961 2482 2074 2516 colla-

381 2531 465 2563 cata
502 2529 558 2562 est
599 2528 630 2560 T
664 2529 675 2571 ΙΙ
713 2532 731 2561 G
771 2539 793 2562 a,
829 2528 970 2562 Theseo
1009 2529 1169 2563 Ariadne
1211 2529 1434 2563 Mas-vicina·
1480 2540 1502 2563 a
1526 2529 1769 2563 thesionadne
1796 2529 1834 2562 F
1870 2529 2073 2563 Athesiona

382 2577 451 2609 duc
477 2575 614 2609 Daniel
651 2575 662 2618 ΙΙ
700 2574 774 2619 oui]
803 2575 865 2618 qui
891 2575 931 2608 F
957 2576 969 2619 ΙΙ
1008 2579 1026 2610 7
1054 2588 1213 2610 noxi-snm
1242 2575 1281 2609 F
1316 2589 1467 2610 DONISAM
1494 2576 1677 2610 LHME
1699 2578 1711 2620 ΙΙ
1737 2579 1758 2609 8
1785 2587 1807 2610 a
1832 2576 1954 2611 colore
1979 2586 2074 2610 mal·—

381 2622 492 2658 moris
530 2621 718 2664 {glijis
757 2622 1002 2656 lacedemonii
1032 2622 1065 2655 L
1102 2623 1291 2657 accoloere
1317 2634 1420 2657 amor
1446 2625 1483 2657 ai
1510 2634 1694 2657 armorum
1718 2623 1749 2657 is
1779 2623 1883 2657 lucae
1915 2622 2075 2657 demonii

381 2671 421 2703 H
439 2671 450 2714 ss
471 2675 489 2703 9
517 2682 676 2704 ommnvn
693 2668 732 2702 F
747 2669 759 2712 ΙΙ
780 2672 822 2702 10
848 2668 905 2714 ut]
933 2670 974 2702 ut
1000 2670 1037 2703 et
1055 2669 1088 2702 L
1102 2671 1139 2703 et
1159 2670 1201 2703 II
1216 2670 1227 2713 ΙΙ
1249 2674 1288 2703 11
1318 2670 1563 2704 circumdatus
1591 2669 1719 2703 FLH
1733 2671 1744 2713 ΙΙ
1764 2681 1984 2708 PAssAsovAn
2005 2669 2048 2704 H
2064 2670 2074 2713 {y

385 2722 425 2751 12
447 2717 596 2761 cyclade
610 2716 696 2750 LH
710 2717 722 2760 ΙΙ
744 2720 784 2749 13
807 2715 1023 2750 stoechades
1039 2716 1134 2749 LE:
1161 2716 1336 2750 stoicadis
1351 2717 1390 2750 F
1413 2718 1511 2752 stato
1537 2717 1715 2751 ecchades
1730 2717 1775 2750 H
1795 2717 1977 2751 stoclades
1999 2716 2048 2750 M
2063 2717 2074 2760 Η

383 2775 454 2798 ano
486 2778 552 2798 'ror
584 2777 719 2798 anxios
748 2762 787 2796 F
828 2773 905 2796 amu
939 2776 1006 2796 'roi'
1034 2776 1163 2796 srvxoY
1189 2764 1229 2797 in
1256 2765 1388 2798 laeana
1414 2765 1426 2798 l
1470 2776 1541 2798 ano
1567 2776 1623 2798 'ro1
1649 2774 1806 2798 οΤΥΧΥοΥ
1831 2764 1876 2798 Η
1914 2774 1984 2798 ano
2009 2774 2073 2796 rrox-

383 2829 528 2850 wrrxmv
556 2817 605 2850 M
652 2827 721 2850 ano
749 2829 814 2850 τογ
840 2827 1013 2857 οΤΥΧιοῃΥ
1039 2815 1078 2848 Ε
1095 2817 1106 2859 ΙΙ
1127 2819 1170 2849 14
1196 2817 1317 2850 rectae
1344 2816 1442 2850 enim
1470 2818 1554 2850 sunt
1579 2827 1644 2851 om.
1671 2816 1711 2849 E
1727 2818 1739 2860 Η
1761 2820 1802 2850 15
1829 2815 1973 2860 ordine]
2000 2815 2073 2858 for-

383 2867 473 2898 tasse
499 2864 585 2898 orbe
605 2865 617 2908 ΙΙ
637 2862 781 2898 circairi
802 2862 835 2895 L
861 2862 1021 2905 (circuiri
1047 2863 1072 2906 l)
1100 2863 1282 2897 circumiri
1309 2864 1357 2897 M
1372 2866 1384 2908 Η
1406 2868 1447 2898 16
1473 2874 1622 2898 necesse
1649 2864 1704 2897 est
1728 2863 1789 2897 uel
1815 2863 1966 2907 propter
1990 2873 2072 2906 pro-

384 2911 590 2945 munctoria
615 2939 622 2945 .
651 2937 658 2944 .
688 2940 694 2946 .
721 2909 818 2953 eryci
845 2909 1036 2944 sacrificat.
1071 2922 1224 2944 LEvas
1253 2939 1258 2944 .
1289 2938 1295 2944 .
1324 2938 1330 2944 .
1359 2911 1596 2955 praetereunt
1616 2910 1701 2944 LH
1708 2910 1755 2943 M
1761 2909 1808 2943 E.
1843 2920 1991 2943 neeesse
2019 2911 2075 2943 est

384 2958 534 3002 propter
554 2957 808 3001 promontoria
820 2956 1027 3001 periculosa
1039 2956 1143 2991 Luct.
1159 2957 1260 2991 I'Iae.
1282 2959 1293 3001 ΙΙ
1314 2961 1357 2991 20
1372 2970 1483 2991 FRETA
1503 2968 1651 2991 coxcrrA
1671 2969 1791 2990 Tamus
1805 2967 1870 2990 om.
1886 2955 2013 2989 LHM
2014 2956 2052 2988 E
2062 2957 2073 3003 ‘1

385 3009 425 3037 21
453 3004 705 3048 promontoria
731 3004 770 3038 F
804 3003 1057 3048 promuntoria
1084 3004 1133 3037 M
1155 3005 1166 3048 ΙΙ
1200 3008 1242 3037 22
1269 3004 1474 3039 hanelitum
1502 3005 1549 3038 M
1572 3005 1584 3048 ΙΙ
1609 3003 1791 3047 quendam
1816 3013 1889 3037 non
1914 3002 1975 3036 dii
2002 3002 2041 3035 F
2063 3011 2065 3040 ι]

385 3055 429 3084 24
455 3052 620 3085 celeuma,
645 3052 836 3086 nauticum
861 3052 1008 3095 scripsi:
1037 3050 1119 3085 celii
1145 3051 1356 3085 anauticum
1378 3051 1418 3084 F
1441 3051 1721 3086 celeumatieum
1742 3049 1879 3084 Daniel
1898 3050 2065 3093 primus¹¹

385 3097 604 3131 emisticium
634 3098 672 3130 F
688 3100 699 3142 Η
719 3102 761 3132 ‘25
789 3110 994 3136 cnicrixixovn
1022 3125 1029 3132 .
1058 3125 1065 3131 .
1093 3124 1100 3131 .
1128 3097 1256 3131 dicunt
1280 3108 1344 3132 om.
1374 3098 1413 3131 F
1428 3099 1440 3141 ΙΙ
1460 3098 1562 3133 caele
1588 3108 1672 3132 unio
1698 3097 1743 3130 H
1756 3098 1768 3140 Η
1787 3096 1888 3131 dicut
1911 3096 1945 3130 L

2194 1566 2204 1837 ,ξ

2196 1929 2204 2088 Ξ

2196 2089 2204 2269 i

2194 2272 2204 2574 l

2183 2578 2204 3437 i
