2204 3437
804 192 1089 228 PRAEFATIO.
1642 191 1789 225 LXXIX

217 302 253 343 E
294 303 416 343 libris
458 303 639 343 decimi
682 301 874 344 saeculi
912 301 993 342 hoc
1029 301 1122 341 loco
1162 299 1521 340 commemorandi
1560 303 1658 341 sunt
1692 299 1789 354 Lip-

101 374 269 427 siensis,
315 372 657 415 Caroliruhensis
711 374 809 426 116,
853 371 1106 425 Reginensis
1156 370 1286 423 1674,
1331 368 1643 411 Laurentianus
1688 371 1791 412 bibl.

101 447 271 486 sanctae
304 445 440 485 crucis
472 445 576 498 plut.
608 443 743 497 XXII,
778 445 815 496 1,
847 441 1149 496 Sangallenses
1179 442 1260 482 861
1296 443 1338 481 01
1371 441 1466 481 862.

218 514 358 568 Atque
380 514 669 572 Lipsiensis
702 527 788 567 rep.
808 513 828 554 I
849 528 888 553 11.
909 511 985 553 361)
1012 511 1134 566 (olim
1157 526 1242 564 rep.
1264 511 1311 552 B.
1334 526 1372 552 n.
1397 509 1468 565 18)
1490 511 1534 551 111
1555 512 1639 552 272
1661 527 1790 552 1110111-

99 585 243 626 branis
269 585 434 626 formae
461 585 709 639 quadratae,
737 584 808 625 sed
835 583 1010 624 maioris
1047 597 1271 623 mensurae
1298 581 1481 634 scriptus
1510 584 1584 622 est.
1635 582 1791 623 bucoli-

100 671 246 697 corum
278 656 586 697 commentario
619 655 691 708 qui
722 655 794 696 fol.
830 654 1009 695 1³—?9³
1041 654 1283 695 continetur
1314 652 1419 693 haec
1445 652 1652 706 inscripta
1692 656 1791 693 sunt

100 740 268 769 INCIPIT
302 737 600 768 EXPLANATIO
640 737 788 767 SERVII
821 715 948 766 cmii
980 736 1027 765 IN
1060 714 1257 765 ssvcomc
1296 735 1354 762 ET
1393 734 1673 764 GEORGICON.
1717 724 1790 765 fol.

100 797 176 839 29¹>
209 802 251 839 et
282 798 356 839 fol.
389 799 445 838 30
478 796 685 852 quaedam
717 796 767 836 de
805 795 936 837 variis
974 798 1220 848 poematum
1261 794 1505 848 generibus,
1544 793 1593 834 de
1632 794 1791 835 heroici

100 884 246 910 versus
280 868 483 921 caesuris,
516 867 566 908 de
596 866 843 908 nominibus
876 881 1016 907 rerum
1050 867 1226 918 quartae
1254 864 1552 905 declinationis
1586 867 1628 904 et
1659 866 1792 919 parti-

101 940 222 993 cipiis
253 939 477 993 praeteriti
508 938 716 992 temporis
750 936 820 994 (ex
842 937 1051 978 Prisciani
1083 935 1228 990 partit.
1249 934 1331 975 XII
1350 949 1459 976 vers.
1507 936 1608 976 Aen.
1635 951 1674 989 p.
1695 936 1792 989 463,

104 1011 155 1052 18
177 1010 265 1065 K),
296 1011 346 1051 de
379 1022 525 1065 georg.
557 1008 577 1048 I
609 1009 695 1049 220
722 1023 811 1062 sqq.
850 1008 967 1049 nullo
1007 1007 1154 1048 ordine
1196 1007 1358 1060 scripta
1397 1008 1555 1047 extant.
1594 1021 1700 1060 quae
1740 1006 1792 1047 ad

99 1072 331 1136 georgicon
361 1095 508 1122 versus
540 1080 755 1133 pertinent
789 1094 864 1120 suo
885 1082 1076 1132 tempore
1096 1077 1302 1132 Hagenus
1330 1077 1434 1118 edet.
1485 1077 1558 1118 fol.
1580 1076 1792 1118 312—721’

100 1153 400 1207 georgicorum
443 1151 797 1192 commentarium
835 1150 997 1191 habent
1043 1150 1110 1191 cui
1149 1148 1438 1202 subscriptum
1478 1151 1541 1189 est
1578 1160 1791 1190 EXPLICIT

99 1235 237 1264 LIBER
269 1233 492 1272 QVARTVS.
524 1233 672 1262 ΑΜΕΝε
714 1233 897 1263 OTRIRF.
930 1233 973 1261 D.
1012 1220 1083 1261 sed
1122 1219 1229 1260 duae
1268 1219 1435 1260 litterae
1475 1222 1691 1260 extremae
1732 1219 1793 1259 in-

99 1295 248 1336 ductae
284 1297 400 1347 sunt,
442 1295 489 1333 ut
525 1293 650 1334 lectio
690 1293 853 1333 incerta
889 1292 956 1333 sit.
1012 1291 1085 1332 fol.
1126 1292 1198 1332 73²²
1240 1301 1412 1331 INCIPIT
1451 1302 1587 1331 LIBER
1625 1301 1792 1332 PRIMVS

100 1377 333 1407 AENEIDOS
366 1377 414 1405 IN
440 1374 737 1405 EXPONENDIS
765 1374 1053 1404 AVCTORIBVS
1081 1372 1200 1402 HAEC
1230 1372 1592 1403 CONSIDERANDA
1620 1372 1733 1401 SVNT
1761 1374 1794 1401 0.

100 1452 137 1491 q.
170 1451 201 1477 s.
234 1435 436 1476 Aeneidis
469 1434 776 1475 commentario
809 1433 881 1475 fol.
913 1433 1017 1474 272ἃ
1050 1432 1340 1485 subscriptum
1369 1435 1433 1474 031
1465 1443 1681 1473 EXPLICIT
1715 1443 1792 1471 Ex-

99 1517 279 1549 POSICIO
319 1517 470 1548 SERVII
518 1516 770 1546 GRAMATIOE
816 1517 864 1545 IN
911 1514 1177 1545 BVCOLICON
1215 1514 1274 1543 ET
1314 1515 1341 1543 L
1386 1537 1394 1544 .
1427 1538 1434 1545 .
1468 1537 1476 1545 .
1525 1513 1792 1544 GEORGICON

99 1590 249 1628 ATQVE
263 1588 529 1618 AENEADvM,
558 1591 581 1616 a
595 1576 790 1630 pluribus
805 1575 1006 1629 librariis,
1018 1575 1090 1628 qui
1105 1578 1249 1615 tamen
1266 1574 1394 1615 simili
1411 1574 1623 1615 scribendi
1639 1587 1792 1628 genere

98 1650 166 1690 usi
198 1651 315 1702 sunt,
347 1647 479 1688 codex
511 1649 707 1688 exaratus
742 1650 818 1688 est.
873 1647 1077 1688 lemmata
1115 1645 1362 1686 maiusculis
1395 1645 1645 1699 plerumque
1678 1645 1791 1685 litte-

98 1721 156 1761 ris
188 1719 253 1761 illi
286 1719 559 1772 scripserunt.
615 1717 838 1759 undecimo
873 1717 1041 1758 saeculo
1083 1717 1201 1770 prior
1234 1717 1443 1770 scriptura
1475 1732 1499 1757 a
1532 1717 1715 1768 duobus,
1746 1718 1794 1755 ut

98 1791 284 1844 videtur,
316 1789 564 1831 hominibus
597 1792 788 1830 correcta
821 1791 903 1830 est:
937 1788 1064 1840 alter,
1097 1788 1214 1829 cuius
1247 1788 1416 1829 litterae
1443 1787 1660 1828 breviores
1695 1788 1793 1826 sunt

99 1865 142 1903 et
185 1861 452 1916 graciliores,
491 1863 533 1901 et
571 1860 864 1914 in'contextu.
912 1873 999 1900 non
1038 1858 1155 1899 nulla
1195 1858 1397 1911 mutavit,
1437 1860 1477 1898 et
1517 1858 1562 1898 in
1599 1857 1793 1910 margine

100 1934 353 1988 argumenta
380 1931 641 1972 scholiorum
664 1930 1050 1983 adnotationesque
1071 1928 1296 1982 quasdam,
1324 1928 1477 1982 quibus
1499 1925 1635 1968 Servii
1661 1927 1793 1968 verba

99 2003 430 2058 explicarentur,
464 2001 634 2055 adiecit3
669 2001 776 2042 alter
797 2016 818 2042 0
845 2001 955 2042 libro
982 1999 1272 2054 Frisingensis
1295 1998 1427 2039 simili
1448 2000 1490 2039 et
1522 1999 1567 2039 in
1598 1998 1792 2051 margine

99 2077 142 2115 et
169 2088 298 2128 supra
333 2087 504 2114 versum
542 2072 776 2126 permultas
817 2072 1050 2125 scripturas
1088 2071 1262 2112 invexit.
1318 2071 1361 2111 in
1394 2069 1542 2111 critico
1582 2084 1792 2111 commen-

98 2145 208 2186 tario
247 2157 332 2185 non
373 2143 522 2197 putavi
554 2143 709 2184 horum
741 2146 1028 2184 correctorum
1067 2156 1219 2182 manus
1258 2141 1369 2182 inter
1411 2155 1455 2182 se
1494 2140 1793 2181 discernendas

100 2231 209 2270 esse,
239 2230 340 2256 nam
372 2229 479 2269 quae
518 2214 694 2256 alterius
727 2216 826 2255 sunt
857 2212 1145 2267 Frisingensis
1180 2211 1458 2253 similitudine
1490 2211 1614 2253 facile
1647 2210 1794 2265 digno-

100 2289 286 2328 scuntur.
342 2285 504 2327 accedit
546 2285 658 2339 quod
699 2284 825 2326 unius
867 2284 935 2325 vel
978 2298 1209 2337 paucarum
1251 2283 1493 2324 litterarum
1532 2282 1793 2323 mutationes

99 2359 184 2399 utri
216 2357 466 2399 tribuendae
506 2357 591 2397 sint
625 2370 748 2409 saepe
787 2356 996 2396 incertum
1030 2357 1103 2395 est.
1160 2356 1381 2408 praeterea
1420 2369 1550 2394 manu
1589 2353 1692 2394 satis
1731 2366 1793 2392 re-

100 2429 212 2469 centi
242 2428 424 2469 leviores
457 2427 665 2481 quosdam
697 2425 972 2467 librariorum
1016 2439 1180 2467 errores
1221 2425 1415 2466 sublatos
1450 2440 1542 2466 esse
1573 2423 1672 2465 vidi.
1729 2437 1794 2463 co-

100 2499 236 2540 dicem
267 2499 313 2539 in
344 2497 574 2539 Germania
607 2497 814 2551 scriptum
846 2498 921 2537 aut
953 2498 1066 2537 certe
1098 2495 1324 2537 undecimo
1359 2497 1401 2536 et
1432 2495 1674 2548 insequenti
1707 2508 1793 2534 sae-

100 2569 194 2611 culo
227 2570 271 2610 in
291 2569 546 2610 Germaniae
567 2568 709 2622 aliquo
744 2567 1005 2609 monasterio
1041 2566 1315 2608 adservatum
1348 2580 1439 2606 esse
1467 2565 1636 2620 glossae
1670 2579 1795 2618 quae-

101 2639 199 2681 dam
238 2640 290 2681 ad
326 2639 618 2681 bucolicorum
657 2641 699 2680 et
738 2638 1037 2692 georgicorum
1076 2636 1407 2678 commentarios
1445 2636 1490 2677 in
1527 2635 1793 2689 marginibus

101 2710 342 2764 adscriptae
375 2710 622 2764 ostendunt,
655 2710 809 2763 quibus
842 2709 1000 2749 latinae
1033 2722 1158 2749 voces
1198 2707 1454 2763 germanicis
1488 2706 1694 2760 adpositis
1728 2720 1793 2745 ex-

100 2781 326 2836 plicantur,
381 2782 515 2822 veluti
548 2781 599 2822 ad
627 2781 720 2821 buc.
740 2780 782 2820 II
810 2779 862 2820 51
885 2779 991 2820 haec
1024 2779 1229 2819 adnotata
1263 2781 1362 2819 sunt
1393 2778 1504 2818 cidea
1532 2790 1659 2830 9011113
1676 2789 1795 2827 pome

100 2853 207 2905 quod
236 2853 423 2893 teutonici
448 2853 587 2893 dicu-nt
617 2852 818 2904 quoda'cna
833 2848 864 2905 ¹)
896 2863 987 2891 seue
1010 2850 1178 2902 persici,
1212 2849 1264 2889 ad
1297 2849 1392 2891 buc.
1419 2847 1556 2888 11162
1586 2846 1676 2900 (fol.
1701 2843 1794 2898 13¹³)

100 2923 351 2965 absinthium
381 2926 438 2964 est
467 2923 561 2965 erba
592 2936 740 2964 amara
771 2921 872 2963 satis
904 2934 1005 2973 quae
1037 2919 1230 2961 theodisce
1259 2922 1430 2960 uocatur
1460 2917 1709 2965 uum-imoda,
1743 2914 1793 2955 ad

222 3088 255 3131 1)
281 3085 389 3121 huius
415 3086 516 3121 vocis
541 3086 653 3121 lectio
679 3084 821 3120 incerta
847 3086 912 3121 est.
957 3096 1043 3119 nam
1070 3095 1137 3128 pro
1163 3084 1198 3118 ic
1224 3080 1358 3116 litteris
1385 3079 1561 3115 adnotavi
1587 3078 1661 3123 legi
1687 3089 1794 3124 posse

103 3142 135 3173 et
159 3139 218 3173 vel
243 3150 279 3174 ec
304 3139 363 3177 vel
390 3151 440 3175 ae.

175 3204 269 3229 Servii
288 3212 392 3231 comm.
412 3204 478 3231 Vol,
497 3205 520 3230 Ι.
549 3204 634 3232 Fasc.
655 3205 695 3231 ΙΙ.
1500 3191 1515 3225 f
