2204 3437
577 203 726 240 COMM.
753 203 803 238 ΙΝ
830 201 971 238 VERG.
999 201 1107 236 AEN.
1137 200 1194 236 IV.
1224 204 1420 236 cel-(396.
1757 198 1841 239 583

153 314 279 356 mittit
307 316 344 356 et
373 313 591 355 meritum?
624 313 764 355 deinde
794 326 884 353 cum
915 311 1065 352 dixerit
1095 309 1197 351 ‘stat
1226 324 1302 351 sua
1334 311 1474 362 cuique
1499 307 1616 358 dies',
1647 309 1842 361 quomodo

152 385 216 427 liic
246 386 345 427 dicit
376 385 489 427 ‘ante
518 383 675 427 diem'?
713 384 861 425 harum
892 395 1028 424 rerum
1059 382 1167 422 ratio
1197 382 1254 422 sic
1284 381 1489 422 redditur:
1521 383 1617 421 sunt
1649 379 1720 432 [et]
1751 380 1843 431 fata

152 469 252 507 quae
283 457 475 497 dicuntur
505 455 795 508 denuntiativa,
826 456 921 495 sunt
951 453 1037 494 alia
1066 452 1157 504 fata
1187 464 1289 504 quae
1320 451 1613 492 condicionalia
1638 452 1844 491 vocantur.

151 528 433 568 denuntiativa
463 529 560 568 sunt
588 539 690 579 quae
721 525 832 566 omni
863 525 978 565 modo
1009 525 1198 564 eventura
1228 523 1459 571 decernunt,
1497 525 1543 562 ut
1571 521 1680 562 verbi
1706 522 1846 574 ¹qratia

153 596 387 650 ‘Pompeius
420 601 476 639 ter
510 595 835 649 triumphaturus
860 594 959 636 est':
990 593 1061 635 lioc
1086 593 1150 634 illi
1173 593 1264 644 fata
1289 593 1516 642 decernunt,
1541 595 1587 632 ut
1609 592 1846 644 ubicumque

152 672 358 710 terrarum
386 669 523 722 fuerit,
555 671 612 709 ter
644 666 874 719 triumphet,
903 679 972 706 nec
995 667 1128 718 potest
1157 664 1278 705 aliter
1309 664 1483 704 evenire:
1522 666 1560 703 et
1592 664 1674 704 ideo
1709 663 1844 714 fatum

151 740 258 793 quod
299 739 370 781 lioc
412 739 626 780 denuntiat
666 737 991 779 denuntiativum
1034 738 1208 777 vocatur.
1278 724 1550 776 condicionale
1592 747 1680 775 vero
1724 733 1845 774 liuius

151 811 261 852 modi
290 813 347 852 est
378 808 615 862 ePompeius
644 809 681 849 si
704 812 799 861 post
830 807 1116 849 Pharsalicum
1151 806 1297 847 bellum
1322 805 1497 859 Aeyypti
1529 806 1624 846 litus
1655 805 1843 857 attiyerit,

149 881 260 932 ferro
286 880 477 934 peribit':
514 880 578 921 liic
613 894 695 921 non
727 880 838 921 omni
875 880 990 920 modo
1028 891 1179 919 necesse
1216 880 1304 919 erat
1339 880 1385 918 ut
1419 877 1569 917 videret
1604 875 1843 929 Aeyyptum,

154 952 223 993 sed
252 952 290 993 si
320 965 436 993 casus
466 952 584 992 illum
616 952 672 992 ad
700 951 829 992 aliam
859 942 1059 1003 regionem
1094 950 1198 1001 forte
1236 948 1429 1001 (luxisset,
1466 949 1654 988 evaserat.
1715 947 1772 988 sic
1808 951 1845 988 et
1872 955 1913 984 10

152 1023 265 1075 apud
293 1022 520 1063 Homerum
550 1021 730 1063 Achilles
762 1021 892 1074 refert,
923 1023 1093 1061 matrem
1126 1020 1242 1061 deam
1278 1019 1356 1060 sibi
1392 1019 1558 1071 dixisse,
1594 1021 1639 1058 ut
1675 1018 1711 1059 si
1748 1018 1845 1058 bello

155 1093 335 1134 Troiano
367 1106 406 1134 se
436 1093 684 1134 subtraheret
722 1096 759 1134 et
796 1093 978 1134 reducem
1008 1091 1172 1144 patriae
1208 1091 1340 1144 daret,
1377 1090 1463 1130 alta
1499 1092 1655 1131 senecta
1691 1090 1845 1143 viveret,

153 1164 221 1205 sed
256 1164 475 1217 inylorius;
518 1165 555 1205 si
597 1177 687 1205 vero
731 1149 842 1215 apud
883 1162 1052 1204 Troiam
1087 1162 1311 1215 puynando
1348 1164 1635 1214 perseveraret,
1679 1161 1846 1214 adeptus

152 1248 347 1288 maynam
373 1234 551 1288 yloriam
574 1235 812 1287 primaevus
843 1233 1095 1275 obcumberet.
1155 1233 1263 1274 vides
1300 1233 1425 1285 iyitur
1462 1231 1731 1273 condicionem
1766 1231 1847 1283 fati

153 1305 226 1347 sub
256 1305 410 1359 duplic-i
440 1308 599 1346 eventus
630 1305 895 1359 expectatione
921 1305 1114 1357 pendere:
1146 1303 1301 1344 Achilli
1330 1304 1439 1344 enim
1464 1304 1547 1344 dies
1571 1305 1724 1344 statuta
1748 1305 1845 1352 erat,
1874 1308 1915 1338 15

152 1390 234 1429 qua
265 1377 428 1418 domum
459 1380 635 1430 repetens
660 1389 778 1418 senex
800 1376 972 1430 periret,
1008 1376 1077 1417 sed
1105 1375 1203 1428 quia
1241 1375 1386 1416 bellum
1422 1388 1504 1415 non
1535 1374 1713 1427 reliquit,
1751 1374 1848 1415 obiit

152 1448 311 1500 quidem
343 1451 437 1488 ante
467 1448 571 1488 diem
601 1447 687 1499 fato
723 1450 937 1497 statutum,
981 1447 1050 1488 sed
1084 1460 1155 1488 nec
1192 1449 1277 1487 tum
1314 1446 1402 1487 sine
1436 1445 1540 1497 fato,
1582 1445 1680 1498 quia
1710 1446 1757 1487 de
1782 1459 1846 1499 ye-

151 1519 267 1560 mina
298 1519 379 1571 fati
408 1519 645 1560 auctoritate
677 1518 856 1559 veniebat
887 1521 1055 1571 utraque
1085 1518 1274 1559 condicio.
1323 1517 1381 1558 sic
1406 1520 1443 1558 et
1466 1516 1625 1558 Didoni
1649 1517 1847 1558 decretum

150 1589 291 1641 fuerat
317 1593 363 1630 ut
386 1590 523 1630 urbem
547 1590 809 1643 praeclaram
834 1592 1035 1639 statueret,
1061 1589 1314 1630 ulcisceretur
1339 1589 1483 1642 virum,
1501 1600 1655 1641 poenas
1680 1588 1727 1629 de
1748 1601 1848 1641 par—

152 1661 295 1702 ricidio
330 1661 478 1712 fratris
519 1661 703 1715 exiyeret,
740 1661 969 1714 perveniret
1004 1664 1137 1702 autem
1175 1661 1231 1701 aol
1264 1674 1398 1701 seram
1435 1663 1601 1701 mortem
1639 1660 1726 1701 sine
1761 1659 1849 1700 ulla
1875 1664 1918 1694 20

152 1732 361 1784 felicitatis
392 1732 557 1783 offensa,
589 1733 626 1774 si
659 1733 844 1774 Troiana
876 1733 1016 1774 classis
1041 1732 1096 1773 ad
1132 1732 1229 1774 litus
1259 1731 1428 1784 Africae
1458 1745 1540 1772 non
1570 1731 1729 1784 veniret,
1768 1743 1849 1782 qua

146 1806 314 1856 portum
335 1802 599 1857 Carthayinis
625 1804 806 1857 ingiressa
831 1817 900 1845 nec
924 1804 1230 1845 continuaretur
1260 1803 1429 1844 ulterius
1454 1803 1615 1855 reyinae
1638 1804 1736 1842 nota
1759 1800 1847 1852 feli·

155 1875 267 1925 citas,
298 1888 368 1916 nec
399 1868 673 1928 expectaretur
702 1876 759 1916 ad
786 1878 954 1916 mortem
985 1875 1068 1916 dies
1097 1874 1173 1915 illa
1204 1887 1294 1915 sera
1325 1887 1426 1927 quae
1455 1873 1592 1926 fuerat
1621 1872 1848 1914 constituta.

154 1945 250 1987 llaec
279 1946 409 1987 sciens
439 1946 565 1987 Maro
596 1947 754 1988 inducit
782 1947 915 1999 ipsam
947 1945 1151 1987 Didonem
1188 1945 1234 1986 in
1270 1945 1456 1986 extremis
1492 1945 1578 1985 suis
1608 1944 1689 1985 ista
1720 1944 1848 1984 dicen-

157 2019 233 2057 tem
265 2015 423 2058 ‘urbem
446 2017 709 2070 praeclaram
739 2018 884 2072 statui,
915 2031 1005 2058 mea
1047 2017 1207 2058 moenia
1250 2017 1336 2058 vidi
1378 2016 1466 2057 ulta
1508 2016 1660 2065 virmu,
1696 2028 1850 2067 poenas
1876 2019 1918 2049 25

156 2088 320 2129 inimico
351 2102 378 2129 a
406 2088 538 2140 fratre
567 2089 705 2143 recepi,
735 2089 838 2140 felix
867 2087 942 2129 lieu
972 2089 1148 2129 nimium
1178 2088 1291 2142 felix,
1322 2088 1359 2129 si
1390 2087 1510 2128 litora
1544 2090 1702 2127 tantum
1733 2099 1850 2126 num-

156 2173 279 2212 quam
304 2159 550 2201 Dardaniae
577 2161 793 2213 tetiyissent
816 2163 956 2200 nostra
983 2158 1180 2201 carinae’.
1230 2160 1287 2200 sie
1312 2162 1348 2199 et
1379 2159 1585 2199 Vulcanus
1610 2158 1852 2210 respondens

165 2230 309 2272 Veneri
333 2231 494 2271 armari
518 2231 653 2284 filium
671 2231 900 2284 postulanti
925 2230 1196 2271 condicionale
1219 2230 1354 2281 fatum
1380 2230 1532 2270 adserit
1553 2229 1681 2280 fuisse
1710 2228 1850 2269 Troia-

156 2303 234 2356 nis,
265 2305 312 2343 ut
340 2303 377 2343 si
408 2302 571 2344 Aeneas
602 2301 834 2343 caelestibus
864 2301 995 2342 armis
1022 2301 1167 2353 fuisset
1196 2304 1393 2354 armatus,
1424 2313 1555 2342 annos
1587 2301 1715 2342 decem
1740 2299 1852 2340 ultra

1872 601 1890 630 C'!

256 2434 298 2465 11
326 2430 425 2475 apud
450 2429 668 2476 Homerum]
696 2429 736 2464 Il.
763 2429 884 2463 XVIII
910 2432 954 2464 88
975 2441 1052 2474 sqq.

257 2554 271 2583 1
301 2549 419 2584 dende
448 2549 480 2582 T
506 2550 518 2592 11
549 2552 568 2582 2
595 2548 655 2583 hic
682 2547 773 2582 dicit
801 2547 847 2581 T:
874 2547 967 2582 hicit
993 2547 1032 2581 F
1067 2547 1158 2582 dicit
1183 2548 1319 2582 Daniel
1343 2549 1355 2592 11
1386 2546 1438 2581 sic
1465 2546 1629 2581 redditur
1655 2557 1697 2580 ex
1723 2545 1852 2581 siccre-

160 2597 259 2631 ditur
288 2596 320 2630 T
335 2598 347 2642 11
375 2596 475 2631 facta
500 2596 539 2630 F
561 2598 573 2640 11
605 2600 624 2630 3
652 2595 923 2640 denuntiativa]
952 2595 1184 2630 denuntiatia
1208 2596 1273 2630 tua
1300 2594 1339 2629 F
1360 2596 1371 2640 11
1403 2599 1423 2628 4
1450 2595 1651 2629 decernunt
1680 2593 1727 2627 T:
1753 2593 1851 2628 dete-

159 2645 246 2678 runt
270 2643 310 2677 F
343 2643 512 2678 deferunt
536 2644 673 2678 Daniel
691 2644 703 2687 11
723 2646 742 2676 5
768 2641 842 2688 ter]
869 2642 1014 2677 adulter
1044 2642 1076 2676 T
1089 2644 1101 2687 11
1120 2642 1375 2677 triumfaturus
1402 2642 1441 2676 F
1457 2642 1468 2686 11
1487 2642 1690 2676 decernunt
1718 2641 1765 2674 T:
1791 2641 1853 2675 de-

163 2692 292 2726 cerunt
318 2691 357 2725 F
391 2691 571 2726 dederunt
595 2691 732 2725 Daniel
750 2690 762 2734 11
783 2694 802 2724 6
828 2688 954 2735 fuerit]
982 2690 1030 2724 sit
1058 2690 1089 2723 T
1106 2692 1118 2734 11
1137 2692 1194 2725 ter
1218 2690 1423 2734 triumphet
1449 2700 1513 2723 om.
1545 2689 1576 2722 Τ
1592 2690 1604 2733 11
1625 2688 1781 2723 triumfit
1805 2688 1853 2730 F,

161 2749 250 2773 corr.
268 2739 403 2772 Daniel
421 2740 433 2783 11
451 2749 518 2773 nec
542 2738 589 2772 T:
614 2748 689 2772 non
710 2737 748 2771 F
764 2738 775 2782 11
796 2741 814 2771 7
842 2737 1141 2772 denunciatiuum
1164 2738 1201 2771 F
1217 2738 1229 2782 11
1248 2740 1268 2772 8
1295 2736 1515 2782 persalicum
1540 2736 1578 2770 F
1593 2737 1605 2781 11
1624 2740 1644 2770 9
1671 2734 1768 2770 ferra
1787 2735 1826 2769 F
1841 2736 1853 2784 11

161 2785 236 2831 hic]
264 2786 313 2819 ha
338 2785 377 2819 F
398 2787 410 2830 11
444 2790 485 2820 10
512 2785 688 2820 euaderet
716 2784 748 2818 T
771 2786 783 2829 11
817 2788 856 2818 11
884 2784 1029 2819 achillis
1056 2784 1095 2819 F
1116 2786 1128 2830 11
1160 2784 1229 2820 sibi
1255 2785 1361 2819 deam
1391 2784 1429 2817 F
1453 2786 1464 2828 11
1498 2788 1538 2817 12
1566 2784 1753 2818 subtraere
1782 2782 1821 2817 F
1842 2785 1854 2828 11

162 2833 254 2878 alta]
282 2835 320 2867 et
345 2835 458 2877 longa
486 2833 518 2866 T
534 2833 546 2877 11
565 2832 720 2877 viveret]
748 2832 904 2866 uelleret
929 2832 967 2866 F
983 2833 994 2876 11
1022 2836 1063 2866 13
1090 2836 1180 2877 aput
1206 2832 1245 2866 F
1261 2834 1272 2876 11
1301 2836 1343 2866 14
1370 2831 1554 2876 primeuus
1583 2830 1662 2864 FT
1678 2832 1690 2872 11
1710 2841 1853 2865 occum-

161 2880 267 2914 beret
295 2880 327 2914 T
343 2881 355 2925 11
377 2885 418 2914 15
445 2881 719 2924 exspectatione
746 2878 786 2913 F
801 2880 812 2923 11
832 2879 970 2923 achylli
1000 2879 1031 2913 Τ
1047 2881 1059 2924 11
1078 2880 1277 2914 statuterat
1296 2879 1334 2912 F
1344 2879 1389 2921 Τ,
1416 2889 1505 2913 corr.
1526 2878 1661 2912 Daniel
1679 2879 1691 2922 11
1713 2881 1754 2913 16
1780 2888 1854 2921 qua

704 2947 721 2963 V

162 3002 169 3009 .
200 3003 206 3010 .
235 3000 242 3008 .
268 2974 422 3019 periret]
456 2986 528 3018 qua
554 2974 584 3008 si
611 2974 719 3016 dome
746 2972 940 3017 repetisset
964 2985 1036 3009 non
1063 2974 1200 3019 periret
1229 2974 1260 3007 T
1288 2975 1300 3017 11
1331 2984 1437 3007 senec
1466 2972 1504 3006 F
1531 2974 1543 3016 11
1573 2972 1755 3016 relinquid
1783 2971 1822 3006 F
1843 2973 1855 3018 11

167 3026 209 3056 17
236 3022 333 3057 facto
356 3022 394 3056 F
409 3023 422 3066 11
441 3022 504 3056 sed
531 3033 596 3056 nec
621 3021 717 3066 tum]
745 3022 932 3055 senectum
955 3020 994 3054 F
1009 3022 1020 3066 11
1042 3024 1084 3055 18
1111 3020 1276 3056 condicio
1303 3020 1370 3065 sic]
1399 3020 1608 3054 eondiciora
1636 3019 1671 3053 F
1689 3021 1701 3064 11
1720 3019 1853 3054 didone

166 3068 233 3113 Fu
260 3073 301 3103 19
328 3080 464 3114 paenas
490 3069 529 3103 F
545 3070 556 3113 11
582 3072 626 3103 20
652 3069 872 3112 peruenerat
897 3068 936 3102 F
958 3070 969 3113 11
1001 3073 1043 3103 21
1072 3068 1235 3103 uenisset
1264 3067 1295 3101 Τ
1317 3069 1329 3110 11
1360 3071 1403 3100 23
1430 3068 1532 3101 fuera
1560 3067 1598 3100 F
1619 3068 1630 3111 11
1662 3071 1705 3102 ‘24
1733 3066 1852 3112 Maro]

164 3115 332 3160 uirgilius
363 3116 394 3150 Τ
409 3118 422 3161 11
446 3120 490 3151 25
517 3116 748 3160 praeclarum
778 3113 816 3148 F
832 3117 844 3159 11
869 3119 913 3150 26
938 3115 1089 3150 inimica
1115 3115 1154 3149 F
1169 3118 1181 3160 11
1205 3115 1371 3149 numium
1400 3114 1465 3159 Fu
1483 3116 1601 3149 tatum
1630 3114 1668 3149 F
1684 3116 1696 3159 11
1721 3118 1764 3149 27
1791 3114 1853 3149 da-

164 3162 223 3197 nie
250 3163 288 3196 F
303 3165 316 3208 11
340 3163 502 3198 uostmdi
530 3163 678 3198 charine
706 3163 743 3195 F
765 3165 776 3206 11
806 3166 850 3196 ‘28
876 3163 1011 3197 adserit
1039 3163 1077 3196 F
1099 3165 1110 3207 11
1136 3167 1179 3197 29
1207 3164 1368 3196 armatos
1398 3161 1436 3195 F
