2204 3437
550 206 699 243 COMM.
727 209 778 242 IN
804 208 944 244 VERG.
972 209 1081 243 AEN.
1110 210 1133 245 Ι.
1161 214 1310 244 46—52.
1721 211 1776 252 33

83 313 202 355 Orci
234 315 455 368 amplius
489 316 742 357 obiectam
774 330 954 369 passus
986 316 1212 356 transire
1245 316 1490 369 paludem.
1607 335 1781 360 srpprrr

80 385 247 425 breviter
265 388 479 438 utrcumque
504 387 630 435 dixin·
664 390 735 427 aut
757 387 864 427 enim
891 387 1171 438 suscipiuntur
1195 390 1287 427 vota
1305 388 1510 439 precibus,
1536 391 1611 428 aut
1633 388 1780 430 honore

78 455 314 496 reddmztmz
375 459 413 496 et
447 457 646 497 ostendere
684 457 786 505 vult,
823 470 905 497 non
944 457 1072 497 solum
1111 471 1192 497 22on
1230 457 1308 498 sibi,
1344 458 1676 510 supplicandum,
1713 460 1783 499 secl

79 539 149 565 uec
179 526 356 576 simplici.
386 527 638 567 veneratione
669 527 835 579 (leynam
864 528 1062 576 futuram.

195 595 262 636 50.
313 608 451 636 TALIA
480 608 736 638 FLAMMATO
765 596 878 650 quod
905 597 1098 650 superius
1127 597 1421 639 intermiserat
1446 614 1557 640 nunc
1582 600 1780 642 reddidit.

76 680 175 705 nam
212 665 379 706 dixerat
413 666 606 720 superius
647 666 773 708 ‘haec
805 666 968 707 secum'
1009 670 1052 708 et
1084 668 1209 708 modo
1244 668 1305 708 ait
1338 668 1594 724 ‘volutans’,
1633 670 1675 710 id
1716 674 1780 711 est

77 735 286 790 cogitans.
349 737 468 777 multi
498 750 596 777 sane
628 735 752 777 ‘talia
782 736 991 778 volntcms’
1024 738 1128 779 tolia
1158 738 1388 779 revolutam
1419 741 1634 793 occipiunt.

195 808 261 847 51.
311 818 556 849 NIMBORVM
581 807 717 848 nimbi
744 822 856 848 nunc
881 811 1033 849 ventos
1068 809 1329 862 significant,
1363 809 1612 864 plerumque
1645 811 1778 853 nubes

77 876 143 917 vel
180 877 367 930 pluvias:
409 891 509 932 ergo
548 880 677 931 prout
714 878 832 919 100113
871 878 1002 919 fuerit
1039 879 1356 933 intellegamus.
1424 882 1596 934 proprie
1634 884 1780 922 tamen

76 947 212 987 nimbi
245 951 449 989 vocantur
480 948 727 1001 repentinae
762 951 804 989 et
834 949 1091 1003 praecipites
1124 950 1314 1003 pluviae,
1346 965 1448 991 nam
1480 952 1649 1005 pluvias
1677 952 1777 993 dici-

76 1032 168 1058 mus
202 1018 339 1058 lentas
368 1021 410 1059 et
442 1018 573 1072 iuges.
633 1022 669 1059 et
698 1020 872 1072 limmate
904 1019 1122 1072 spaniam,
1151 1019 1280 1070 zoca’,·
1313 1035 1443 1062 meum
1468 1023 1575 1063 enim
1601 1024 1777 1064 varietas

74 1088 165 1139 ‘ipsa
192 1089 406 1141 siynifioat.
523 1099 644 1130 LOCA
670 1101 791 1130 FETA
822 1105 934 1131 nunc
966 1090 1111 1144 plena,
1145 1094 1193 1131 ut
1226 1091 1309 1132 alio
1344 1092 1436 1133 1000
1470 1093 1577 1134 feta
1610 1094 1775 1134 armis.

76 1157 293 1198 sciendum
326 1160 391 1198 est
424 1161 566 1200 autem
598 1159 732 1200 fetam
765 1160 848 1200 dici
882 1163 925 1201 et
957 1161 1180 1214 gravidam
1214 1165 1256 1203 et
1287 1165 1414 1216 partu
1447 1163 1695 1218 liberatam,
1730 1167 1778 1205 ut

74 1227 270 1269 fecerat
302 1231 350 1269 et
382 1229 539 1271 viridi
571 1230 729 1272 fetam
756 1230 1005 1273 Mavortis
1039 1233 1090 1273 in
1122 1221 1288 1287 antro,
1323 1234 1490 1275 enixam
1519 1237 1661 1277 autem
1683 1250 1777 1277 eam

72 1298 202 1340 fuisse
235 1299 319 1350 lac,
353 1300 463 1354 quod
496 1301 639 1354 pueris
672 1302 979 1356 praebebatur,
1012 1304 1212 1345 ostendit.
1262 1305 1367 1345 item
1393 1305 1527 1346 fetam
1553 1306 1773 1360 gravidam

72 1369 147 1410 1110
194 1369 288 1411 1000
334 1371 540 1425 ostendit,
582 1386 683 1412 non
726 1372 931 1413 insueta
975 1386 1155 1426 graves
1206 1375 1536 1428 temptabunt
1587 1377 1776 1430 pabula

71 1439 215 1481 fetas.
271 1454 372 1494 ergo
413 1442 513 1496 quia
550 1442 638 1483 feta
678 1443 841 1483 medius
882 1458 1019 1485 sermo
1050 1447 1143 1498 pest,
1184 1445 1292 1486 bene
1331 1445 1411 1487 1100
1451 1446 1544 1488 1000
1585 1448 1774 1501 epitheto

70 1510 288 1564 discrevit,
322 1511 464 1553 dicens
498 1511 672 1566 ‘graues
706 1512 851 1567 fetas',
884 1517 931 1555 ut
963 1514 1123 1556 bonum
1155 1516 1321 1557 facinus
1350 1519 1392 1556 et
1418 1517 1580 1558 malum
1611 1518 1774 1560 facinus

71 1580 269 1634 dicimus,
301 1581 462 1622 bonum
492 1597 700 1624 venenum
729 1586 771 1624 et
797 1584 958 1624 malum
985 1599 1206 1626 venenum.
1328 1598 1520 1629 AVSTRIS
1548 1588 1684 1643 figura
1711 1592 1776 1631 est

69 1651 287 1693 celebrata
319 1651 430 1705 apud
462 1651 722 1706 Vergilium:
756 1656 799 1694 et
831 1656 896 1695 est
929 1656 1089 1708 species
1123 1671 1199 1709 pro
1233 1670 1398 1711 genere.
1460 1658 1627 1712 legerat
1659 1660 1771 1713 apud

68 1722 255 1763 Ennium
299 1721 594 1764 furentibus
639 1724 827 1777 ventis,
873 1724 945 1765 sed
989 1726 1110 1778 quasi
1157 1741 1354 1780 asperum
1394 1727 1510 1782 fugit
1548 1732 1590 1770 et
1628 1731 1774 1783 posuit

71 1791 275 1833 ‘austris'
307 1807 384 1846 pro
417 1793 571 1834 ventis
1114 1793 1120 1801 “

187 1863 254 1903 52.
304 1874 510 1905 AEOLIAM
542 1868 684 1905 VEN'IT
717 1879 872 1906 novem
904 1864 1087 1916 insulae,
1121 1881 1229 1920 quae
1263 1872 1363 1910 sunt
1394 1872 1493 1923 post
1524 1870 1682 1912 fretum
1711 1870 1772 1912 Si-

69 1934 210 1986 ciliae,
260 1934 530 1987 appellantur
574 1934 750 1976 Aeoliae
795 1936 848 1976 ab
893 1935 1029 1977 Aeolo
1076 1950 1198 1991 rege,
1249 1938 1466 1993 Hippotae
1510 1940 1620 1995 filio,
1672 1941 1772 1983 licet

163 2054 181 2083 9
208 2050 355 2094 proprie
384 2078 390 2084 .
413 2078 420 2085 .
443 2078 449 2084 .
477 2050 595 2097 iuges]
624 2062 736 2086 exscr.
764 2051 848 2086 Isid.
876 2062 926 2088 or.
952 2053 1038 2086 XIII
1067 2057 1120 2097 10,
1142 2058 1161 2087 3
1182 2055 1193 2098 ΙΙ
1215 2058 1255 2088 12
1283 2055 1374 2099 feta]
1402 2056 1444 2090 A.
1471 2056 1504 2090 II
1532 2059 1598 2091 238
1618 2058 1630 2101 ΙΙ
1651 2062 1694 2092 14
1720 2058 1769 2092 fe-

68 2097 183 2142 cerat]
211 2098 253 2130 A.
280 2097 367 2131 VIII
394 2099 492 2142 63οΗ
514 2102 555 2131 16
581 2110 654 2132 11011
679 2098 841 2144 insueta]
869 2099 935 2133 001.
962 2100 978 2133 Ι
1004 2102 1143 2144 491120
1170 2102 1269 2145 apud
1293 2102 1468 2148 Ennium]
1501 2115 1583 2138 ann.
1610 2105 1674 2140 rel.
1703 2108 1768 2139 581

67 2144 358 2225 ῗΙρὸὲΤεὲἷΙΪῃΙ-ὶί
381 2156 513 2226 1110310111
538 2145 679 2180 insulae
707 2174 714 2181 .
737 2174 743 2180 .
767 2174 774 2180 .
802 2146 975 2192 retinere]
1004 2158 1117 2182 exscr,
1145 2149 1230 2183 Isid.
1258 2160 1307 2183 or.
1337 2149 1420 2184 XIV
1448 2156 1479 2194 6,
1502 2155 1557 2185 37.
1585 2152 1769 2196 mythogr.

68 2298 201 2331 desiuit
222 2297 423 2332 Oossellcmi
448 2300 636 2342 quaternio
656 2301 818 2343 primus,
844 2300 1021 2334 secundus
1039 2301 1103 2344 (leci
1123 2302 1326 2336 continebat
1346 2305 1638 2339 commentcm'um
1659 2317 1769 2350 usque

67 2345 116 2378 acl
134 2355 164 2378 v.
189 2348 253 2378 135
280 2344 363 2380 ideo
391 2345 444 2379 ait
469 2346 556 2389 quia
582 2347 748 2391 luppiter
772 2348 929 2390 interiit,
956 2351 996 2380 ut
1018 2349 1066 2382 ad
1086 2348 1254 2392 Scioppiz'
1273 2351 1496 2385 collationem
1515 2352 1767 2396 resumendam

66 2392 122 2425 sit.
143 2392 155 2435 ΙΙ
176 2395 195 2425 5
216 2393 265 2426 acl
283 2403 314 2428 v.
331 2396 373 2426 50
396 2392 502 2427 Talia
522 2393 724 2437 flammato]
748 2394 846 2437 quod
868 2423 874 2429 .
898 2422 904 2428 .
927 2422 934 2428 .
955 2394 1008 2428 ait
1028 2406 1152 2429 secum
1172 2396 1356 2439 uolutanS,
1376 2396 1414 2431 id
1435 2400 1492 2432 est
1511 2399 1680 2444 cogitans
1703 2401 1739 2433 P
1756 2421 1757 2445 ;

69 2442 86 2472 7
101 2438 187 2472 talis
201 2439 414 2474 revolutans
431 2438 460 2473 C
475 2441 486 2484 ΙΙ
506 2443 526 2473 8
542 2441 590 2474 ad
603 2452 633 2474 v.
650 2444 693 2474 51
710 2440 944 2486 Nimborum]
959 2441 1105 2476 nimbos
1118 2454 1216 2477 nunc
1229 2444 1360 2477 uentos
1379 2443 1563 2489 significat
1578 2475 1584 2481 .
1602 2475 1608 2481 .
1626 2474 1632 2480 .
1649 2450 1764 2481 antro.

67 2485 211 2519 enixam
232 2496 313 2520 eam
334 2486 444 2521 fuisse
465 2486 565 2521 dicit.
609 2487 698 2522 item
718 2487 833 2522 fetam
854 2487 1067 2532 grauidam,
1092 2492 1134 2523 ut
1153 2491 1208 2524 est
1228 2517 1233 2523 .
1251 2517 1257 2523 .
1274 2518 1281 2525 .
1303 2490 1406 2525 fetas.
1444 2492 1602 2538 Austris]
1625 2494 1766 2537 species

66 2543 130 2576 pro
157 2543 301 2577 genere.
331 2533 366 2566 P
394 2534 406 2577 l]
438 2537 457 2567 9
484 2534 774 2579 intellegendum
802 2536 858 2569 est
882 2536 999 2569 BMl
1029 2536 1040 2579 ΙΙ
1071 2537 1218 2581 proprie
1244 2538 1383 2583 tamen]
1411 2550 1498 2573 nam
1523 2539 1668 2584 proprie
1698 2541 1733 2574 P

68 2583 110 2613 10
143 2579 314 2614 dicuntur
339 2581 470 2614 BGM
498 2582 509 2625 Η
540 2592 626 2615 nam
651 2582 814 2627 pluvias]
847 2582 993 2626 pluuias
1024 2594 1112 2618 uero
1142 2584 1178 2617 P
1203 2586 1214 2628 ΙΙ
1245 2595 1420 2619 uocamus
1446 2586 1576 2620 BOM
1606 2588 1617 2631 ΙΙ
1652 2591 1691 2621 12
1724 2590 1765 2621 ut

66 2626 157 2660 alibi
182 2627 216 2659 B
255 2627 371 2661 ueluti
397 2629 453 2661 est
480 2628 515 2661 P
531 2629 543 2672 ΙΙ
565 2632 605 2662 15
632 2628 722 2663 item
750 2657 756 2664 .
779 2658 785 2664 .
807 2657 814 2665 .
841 2630 980 2673 pabula
1004 2630 1100 2664 fetas
1127 2642 1191 2665 om.
1220 2632 1288 2676 ΗΗ
1311 2636 1351 2666 16
1378 2632 1417 2666 111
1442 2633 1506 2668 1110
1533 2634 1614 2668 1000
1640 2635 1675 2668 Β
1692 2636 1757 2668 Μ’

67 2677 108 2707 17
137 2685 224 2717 ergo
257 2702 263 2708 .
293 2703 299 2709 .
328 2702 336 2710 .
368 2674 462 2709 fetas
489 2686 552 2709 om.
580 2676 614 2709 L
646 2677 700 2719 (in
724 2687 836 2720 maro.
865 2677 948 2712 [add.
977 2677 1001 2721 l)
1033 2678 1044 2721 ΙΙ
1076 2678 1241 2722 epitheto
1273 2680 1327 2713 K:
1367 2680 1559 2724 epitheton
1584 2682 1764 2715 BLHM

66 2721 233 2764 epitheta
258 2721 330 2755 duo
357 2722 387 2756 C'
409 2723 420 2766 ΙΙ
454 2726 496 2756 18
523 2724 560 2757 et
586 2734 649 2756 om.
677 2723 717 2756 K
741 2724 752 2767 ll
786 2727 827 2757 19
854 2723 1009 2758 dicimus
1035 2736 1100 2759 om.
1127 2725 1169 2758 K
1190 2727 1201 2769 ΙΙ
1233 2727 1270 2759 et
1296 2726 1430 2760 bonum
1457 2727 1657 2762 BGssHM
1685 2730 1696 2773 Η
1728 2730 1765 2763 et

66 2778 130 2801 om.
158 2768 200 2801 K
215 2769 227 2811 l]
256 2772 298 2802 20
325 2769 473 2813 genere]
501 2771 539 2804 et
564 2781 678 2814 genus
704 2781 770 2814 pro
798 2771 919 2814 specie
946 2772 1028 2807 add.
1054 2772 1090 2805 B
1109 2773 1120 2816 ΙΙ
1139 2772 1284 2817 legerat
1307 2774 1405 2818 apud
1431 2774 1607 2819 Ennium]
1635 2776 1762 2809 ennius

64 2814 158 2848 BM
175 2815 187 2858 ΙΙ
207 2819 249 2849 21
278 2817 316 2850 et
342 2844 348 2850 .
371 2842 376 2848 .
401 2845 406 2850 .
433 2816 553 2850 ventis
580 2828 643 2850 om.
665 2817 713 2851 K.
734 2818 745 2861 ΙΙ
766 2821 808 2851 23
836 2818 884 2852 acl
908 2828 939 2853 v.
961 2822 1004 2852 52
1032 2819 1217 2865 Aeoliam]
1244 2831 1310 2864 pro
1336 2822 1375 2854 in
1400 2821 1580 2856 Aeoliam.
1632 2834 1763 2857 nouem

65 2862 189 2895 autem
214 2862 357 2896 insulae
390 2874 484 2906 quae
517 2866 603 2898 sunt
637 2864 734 2898 circa
765 2864 900 2898 fretum
934 2864 1084 2900 Siciliae
1116 2867 1352 2910 appellantur
1383 2868 1533 2902 Aeoliae
1566 2869 1613 2902 ab
1647 2869 1762 2904 Aeolo

64 2919 165 2952 rege,
197 2909 285 2944 licet
310 2910 458 2954 propria
483 2911 633 2945 nomina
658 2911 830 2947 habeant.
880 2911 996 2946 Varro
1023 2915 1147 2947 autem
1173 2913 1263 2948 dicit
1287 2914 1383 2948 hunc
1409 2915 1611 2948 insularum
1636 2927 1761 2961 regem

0 2971 1 2996 3
65 2954 194 2999 fnisse,
233 2967 277 2990 ex
311 2968 465 3000 quarum
497 2958 641 2992 nebulis
671 2986 677 2992 .
704 2986 709 2992 .
740 2987 746 2992 .
779 2959 821 2992 ut
853 2959 1019 3003 superius
1055 2960 1136 2994 ‘hic
1168 2960 1268 2994 illius
1301 2961 1435 2996 arma'.
1489 2961 1603 2996 Vasto
1636 2963 1758 3008 antro]

65 3002 218 3046 physica
242 3029 250 3037 .
278 3032 284 3038 .
314 3032 319 3037 .
347 3006 490 3038 ueteres
515 3005 723 3048 ponebant,
749 3007 787 3039 et
812 3005 923 3039 etiam
949 3018 1015 3050 pro
1041 3018 1187 3051 magno.
1239 3006 1387 3041 Clodius
1413 3009 1761 3044 commentariorum

68 3048 196 3083 ‘uasta
219 3049 345 3084 inania
370 3052 539 3096 magna'.
564 3051 599 3084 P
616 3053 627 3095 ΙΙ
646 3065 750 3086 vnmr
777 3053 819 3086 ut
844 3053 991 3086 Italiam
1016 3053 1093 3088 fato
1116 3054 1146 3087 G
1162 3055 1173 3097 ΙΙ
1193 3064 1323 3088 nouem
1345 3056 1469 3088 autem
1491 3055 1520 3089 C
1536 3055 1548 3099 ΙΙ
1567 3056 1664 3091 circa
1688 3057 1761 3092 fre—

66 3097 143 3129 tum
171 3096 200 3130 G
237 3108 349 3141 prope
375 3098 509 3132 fretum
538 3098 726 3133 Clau-erius
752 3099 853 3135 Sica.
880 3104 954 3135 (1111.
981 3100 1013 3133 II
1040 3104 1085 3134 14
1105 3112 1143 3143 y).
1171 3104 1237 3133 412
1263 3102 1275 3144 Η
1307 3105 1351 3134 24
1378 3102 1662 3145 appellabantur
1687 3104 1729 3138 K
1759 3106 1760 3133 ἶ

67 3143 301 3185 appellantur
328 3144 478 3179 Aeoliae
504 3156 568 3179 om.
596 3146 629 3179 L
655 3146 751 3189 (add.
779 3147 801 3191 l)
822 3147 833 3190 Η
859 3146 1043 3191 Hippotae
1069 3147 1144 3181 filio
1171 3157 1235 3181 om.
1263 3147 1340 3180 KG

139 3208 233 3232 Servii
254 3216 358 3235 comm.
381 3210 445 3235 Vol.
466 3211 489 3234 Ι.
512 3210 596 3237 Fuso.
616 3211 640 3234 l.
1457 3212 1477 3241 3

1808 962 1849 991 10

1803 1315 1844 1345 15

1799 1668 1841 1698 20
