2204 3437
375 161 460 202 354
1138 154 1298 190 SERVII

373 269 496 311 huius
528 269 634 310 Anii
669 268 804 321 filiam
842 266 986 308 occulte
1016 265 1067 306 ab
1098 264 1238 306 Aenea
1274 265 1504 316 stupratam
1534 262 1703 303 edidisse
1732 261 1868 314 filiu-m
1903 259 2066 301 nomine

374 342 476 391 †an.
568 357 647 381 mcx
677 356 728 380 ΕΤ
756 353 946 379 mammos
975 335 1040 376 hic
1058 335 1197 376 Anius
1215 333 1427 387 Apollinis
1456 333 1570 386 filius
1601 335 1638 373 el
1667 331 1850 373 sacerdos
1871 330 1966 382 fuit,
1996 330 2068 382 qui

374 410 516 452 habuit
551 411 685 463 silium
717 409 894 450 Andron
929 407 1110 460 nomine,
1147 406 1254 447 unde
1285 405 1453 446 Andros
1482 403 1621 445 insula
1651 402 1857 456 appellata
1887 404 1954 442 est.
2014 401 2070 442 ad
2125 437 2128 440 .

373 495 490 534 quem
521 480 718 522 Anchises
749 482 842 520 ante
863 479 1053 519 Troicum
1085 477 1232 518 bellum
1263 475 1492 517 consultum
1521 477 1694 527 venerat,
1725 486 1782 514 an
1806 471 2068 514 Salaminam

327 562 346 591 5
365 555 517 604 peteret
546 564 672 593 eomes
703 550 898 591 Priamo:
931 549 1038 590 unde
1068 551 1104 590 el
1133 547 1378 600 agynoscitur.
1498 557 1590 586 REX
1621 556 1680 585 ET
1710 533 1952 596 ‚SACERDOS'
1980 557 2067 583 ma-

373 622 512 662 iorum
545 620 659 662 enim
689 620 794 661 haec
827 621 921 660 erat
952 617 1227 671 consuetudo,
1259 619 1308 657 ut
1338 630 1411 657 rex
1444 617 1559 656 esset
1591 614 1722 656 etiam
1756 613 1968 664 sacerdos,
2001 613 2068 654 vel

374 691 585 745 pontifex:
617 691 728 732 unde
759 690 969 744 hodieque
1001 689 1284 742 imperatores
1317 686 1538 741 pontifices
1572 685 1763 726 dicimus.

493 763 561 804 81.
609 773 763 803 VITTIS
795 773 854 802 ET
886 771 1039 801 LAVRO
1073 760 1208 801 vittae
1235 757 1468 801 sacerdotis
1497 759 1607 811 sunt,
1638 757 1783 798 laurus
1810 769 1910 797 vero
1937 755 2067 797 etiam

374 833 647 888 imperatoris
678 833 863 875 victoris.

307 916 350 946 10
495 905 561 946 82.
613 914 846 946 ANCHISEN
880 915 1059 945 AMICVM
1091 898 1200 943 κατὰ
1232 897 1281 942 τὸ
1308 896 1597 953 σιωπώμενον
1629 898 1939 952 intellegimus:
1971 911 2070 939 nam

376 975 588 1029 quomodo
621 975 783 1016 fuerint
816 975 954 1029 amici,
985 975 1130 1029 palam
1154 975 1275 1026 poeta
1305 985 1393 1012 non
1425 970 1539 1011 dicit.

523 1047 562 1087 3.
610 1057 829 1087 110S1³1T10
871 1046 959 1087 licet
988 1044 1148 1086 Probus
1184 1045 1370 1096 quaerat,
1414 1041 1514 1094 quid
1547 1040 1603 1081 sil
1633 1039 1863 1093 ‘iungimus
1901 1038 2072 1092 hospitio

375 1117 572 1170 cleriras’,
610 1120 745 1158 lamen
777 1117 985 1171 septimus
1019 1129 1142 1156 casus
1177 1117 1260 1167 est,
1300 1114 1343 1154 id
1375 1115 1441 1154 est
1471 1112 1562 1152 iure
1594 1110 1927 1164 hospitalitatis:
1969 1124 2071 1151 nam

377 1187 450 1228 ead
476 1187 734 1241 hospitium'
759 1203 846 1228 non
878 1188 1024 1240 potest
1055 1185 1260 1240 intellegi,
1294 1184 1407 1239 quia,
1425 1183 1512 1223 iam
1545 1181 1706 1223 amicus
1737 1180 1832 1222 fuit.
1875 1183 1949 1221 aut
1971 1181 2076 1222 sicul

308 1268 349 1299 15
379 1260 548 1311 quidam
581 1259 749 1299 tradunt
780 1257 1010 1311 ‘izmqimus
1041 1257 1204 1298 dextras
1235 1259 1272 1296 ci
1301 1254 1472 1307 hospitio
1505 1255 1604 1293 tecta
1634 1251 1843 1293 subimus.9

495 1330 562 1371 84.
616 1346 763 1370 TEMPLA
798 1346 869 1370 DEI
903 1331 940 1368 el
973 1327 1141 1380 reliqua.
1202 1326 1274 1367 hoc
1309 1326 1429 1366 iuxta
1465 1323 1634 1376 auyurii
1665 1336 1792 1376 genus
1822 1323 1930 1375 quod
1958 1322 2072 1363 stati-

375 1415 470 1441 vum
508 1401 658 1442 dicitur
694 1400 850 1458 retulit,
894 1400 939 1440 ‘in
976 1392 1052 1451 quo
1092 1398 1381 1449 consideratur,
1424 1408 1500 1448 quo
1531 1395 1577 1435 in
1609 1394 1690 1435 loco
1721 1394 1899 1447 (iuquria
1928 1392 2076 1446 perayi

376 1471 564 1513 debeant:
605 1485 705 1511 nam
736 1472 822 1512 ideo
853 1471 915 1511 ait
946 1469 1118 1522 ‘templa
1148 1467 1233 1509 dei’
1266 1471 1303 1509 et
1332 1467 1501 1518 reliqua,
1533 1468 1571 1506 el
1597 1465 1813 1509 subiunxit
1843 1463 1987 1516 equove
2016 1462 2078 1504 ire

377 1541 508 1584 iubes'
541 1546 578 1583 et
607 1543 749 1584 exinde
781 1541 855 1582 ‘aa
882 1544 1000 1594 pater
1031 1537 1286 1593 auymium’.
1346 1551 1444 1579 sane
1474 1537 1697 1589 quaeram,
1733 1549 1806 1577 cur
1835 1548 1984 1576 sapum
2013 1547 2074 1575 ve-

309 1624 353 1653 '20
382 1617 533 1654 iustum
564 1613 725 1654 dixerit.
775 1613 844 1653 sed
873 1613 1053 1653 ircalitur
1085 1625 1112 1651 a
1135 1609 1344 1663 plurimis,
1375 1609 1482 1649 inter
1507 1621 1605 1660 quos
1629 1608 1752 1648 etiam
1770 1605 1982 1659 Epaphus,
2013 1605 2078 1645 vir

372 1685 660 1737 peritissimus,
692 1684 826 1737 referi,
857 1682 1030 1735 Delphis
1060 1682 1236 1734 quodam
1268 1684 1440 1734 tempore
1470 1679 1651 1728 evenisse,
1682 1681 1729 1718 ul
1759 1677 1951 1730 templum
1982 1675 2075 1716 reli-

377 1756 536 1809 gsiosum
568 1758 661 1796 ante
692 1758 729 1796 et
759 1755 958 1795 {mactum
989 1754 1209 1807 spoliatum
1240 1753 1524 1803 incensumque
1554 1751 1618 1804 sit,
1650 1762 1697 1790 ac
1714 1751 1811 1801 post
1833 1747 1985 1789 mullas
2005 1745 2076 1788 Co—

379 1827 527 1868 rinthii
563 1827 681 1868 urbes
717 1826 952 1877 insulasque
981 1824 1201 1876 proximas
1239 1826 1368 1863 terrae
1404 1824 1512 1862 motu
1552 1820 1738 1870 haustas,
1783 1818 1917 1860 Delon
1952 1831 2078 1870 neque

380 1901 519 1947 antea,
557 1910 682 1949 neque
705 1899 848 1949 postea
878 1895 950 1935 hoc
980 1894 1232 1935 inconmodo
1262 1895 1468 1941 vexatam,
1508 1892 1612 1933 sieut
1645 1890 1912 1942 Thucydides.
1972 1888 2080 1941 quod

310 1978 353 2007 25
381 1969 502 2009 eliam
535 1967 671 2009 Cicero
709 1968 756 2007 in
791 1969 994 2019 praetura
1032 1965 1303 2006 Verrincnwn
1344 1964 1403 2004 ua
1442 1963 1504 2003 au
1543 1965 1777 2013 tantaque
1815 1961 1891 2001 vis
1933 1959 2080 2000 huius

380 2039 643 2092 reliyionis
683 2040 754 2078 est
790 2040 833 2077 ct
866 2049 1051 2088 semper
1086 2036 1208 2089 fuit,
1246 2037 1298 2075 ut
1333 2048 1389 2074 ne
1420 2033 1599 2074 Persae
1629 2032 1819 2084 quidem
1849 2043 1953 2071 cum
1984 2029 2080 2070 bel-

383 2111 480 2151 lum
524 2110 612 2150 toli
658 2108 915 2157 Graeciae,
958 2107 1058 2147 diis
1101 2104 1472 2156 hominibusque
1513 2102 1819 2144 indixissent
1861 2104 1904 2141 ct
1944 2100 2081 2141 mille

383 2181 582 2222 nauium
626 2179 827 2220 classem
872 2177 1049 2218 Delum
1098 2175 1424 2229 appulissent,
1473 2174 1731 2226 quicquam
1780 2174 2082 2214 conarentur

481 2324 501 2353 5
528 2319 709 2354 maiorum
735 2317 833 2352 enim
860 2346 867 2352 .
896 2344 903 2351 .
930 2345 937 2351 .
965 2316 1137 2361 dicimus]
1166 2326 1278 2350 exscr.
1306 2314 1391 2349 Isid.
1419 2325 1468 2349 or.
1496 2313 1564 2348 VII
1593 2317 1652 2357 12,
1681 2317 1724 2347 14
1743 2314 1754 2356 ΙΙ
1781 2316 1824 2346 12
1850 2311 2008 2357 Probus]
2035 2310 2080 2345 cf.

388 2368 502 2411 Steup
535 2367 579 2401 de
604 2365 737 2400 Probis
768 2377 803 2409 p.
838 2368 902 2398 107
940 2366 952 2408 ΙΙ
991 2368 1032 2398 19
1060 2374 1146 2398 sane
1180 2362 1368 2406 quaeritur
1394 2372 1423 2395 e.
1451 2373 1484 2404 q.
1512 2360 1556 2406 s.]
1590 2360 1633 2394 cf.
1667 2359 1827 2395 Macrob.
1861 2359 1939 2395 Sat.
1972 2358 2024 2393 III
2051 2362 2082 2401 6,

388 2420 407 2449 6
436 2426 513 2458 sqq.
534 2416 609 2458 [124
636 2412 883 2456 Thucydides]
911 2412 944 2445 Il
971 2413 1085 2456 81125
1103 2409 1259 2461 1310610]
1287 2409 1325 2443 in
1351 2409 1454 2443 Verr.
1481 2410 1550 2442 act.
1578 2408 1611 2441 II
1639 2411 1670 2452 1,
1697 2411 1752 2451 18,
1779 2411 1824 2441 48

483 2548 502 2577 2
523 2543 658 2577 Anium
681 2541 895 2575 Masvz‘cius.
933 2541 1086 2583 sortasse
1105 2540 1264 2574 Aenean.
1297 2539 1341 2581 cf.
1363 2539 1412 2572 ad
1430 2548 1517 2572 rers.
1542 2541 1620 2582 133.
1652 2535 1804 2570 Andron
1825 2535 1871 2571 F.
1887 2535 2083 2570 Schoellius

387 2590 535 2625 nomine
555 2589 707 2623 Andron
734 2592 772 2622 ut
798 2599 842 2622 eas
866 2588 1025 2631 sequenti
1049 2587 1180 2621 scholio
1206 2590 1329 2620 temere
1356 2586 1496 2619 adscita
1521 2585 1714 2619 secludens.
1733 2585 1746 2627 ΙΙ
1764 2582 1876 2627 filius]
1912 2593 1975 2617 rex
2000 2581 2084 2616 Deli

392 2638 537 2671 addidit
564 2637 700 2669 Daniel
718 2636 730 2679 ΙΙ
755 2639 775 2668 4
801 2634 957 2669 bellium
985 2633 1024 2667 F
1039 2636 1050 2677 ΙΙ
1077 2637 1096 2667 5
1124 2633 1347 2677 agnoscitur.
1388 2642 1475 2666 sane
1501 2631 1682 2665 maiorum
1706 2631 1800 2664 haec
1827 2631 1908 2664 erat
1933 2640 2084 2663 consue-

391 2684 482 2719 tudo
509 2695 535 2718 e.
563 2696 592 2727 q.
620 2694 646 2717 s.
676 2682 715 2716 F
731 2684 742 2726 ΙΙ
771 2686 788 2716 7
816 2681 928 2715 hinde
956 2680 995 2714 F
1009 2682 1022 2725 11
1041 2680 1198 2714 dicimus
1225 2679 1416 2724 pontifices
1445 2678 1483 2712 F
1499 2680 1510 2723 ΙΙ
1531 2682 1550 2712 9
1577 2677 1728 2712 uictoris
1753 2676 1987 2721 imperatoris
2013 2675 2052 2709 F
2075 2680 2083 2716 l

393 2736 436 2765 10
462 2730 753 2774 intellegendum
781 2729 874 2762 Ml«)
891 2729 903 2772 Η
930 2732 969 2761 11
1005 2728 1153 2761 fuerunt
1180 2728 1227 2760 M
1245 2729 1256 2770 ΙΙ
1284 2731 1325 2761 12
1353 2726 1498 2770 quaerit
1524 2725 1571 2769 F,
1604 2727 1759 2760 coro-escit
1786 2724 1992 2758 Masi-icius
2010 2724 2022 2767 ΙΙ
2042 2726 2084 2756 13

392 2790 500 2813 casus
526 2777 704 2822 septimus
732 2775 771 2810 F
794 2777 806 2820 ss
833 2780 875 2809 14
900 2775 1023 2820 potuit
1049 2775 1081 2808 L
1119 2776 1256 2817 (potest
1283 2775 1307 2816 l)
1333 2775 1344 2817 11
1369 2773 1492 2808 fuerat
1516 2773 1549 2806 L
1574 2773 1586 2817 ΙΙ
1617 2777 1660 2807 16
1685 2783 1821 2806 Tl-:MPLA
1846 2783 1907 2805 Dm
1934 2797 1941 2804 .
1969 2799 1975 2805 .
2005 2797 2012 2803 .
2039 2770 2087 2804 da

392 2828 497 2870 pater
535 2824 730 2869 augurium
762 2824 841 2857 hab.
871 2823 1034 2856 Ambros.
1072 2822 1084 2865 ΙΙ
1123 2825 1164 2855 17
1197 2821 1450 2856 consideratur
1480 2821 1663 2854 Ambros:
1704 2818 1982 2853 considerantur
2009 2816 2048 2850 F
2076 2818 2077 2843 ἶ

395 2878 437 2907 18
466 2872 677 2907 subiuncxit
693 2870 731 2904 F
747 2871 759 2915 ΙΙ
780 2874 821 2904 19
849 2881 977 2904 saxum
997 2869 1152 2902 Daniel:
1177 2868 1315 2902 famam
1331 2868 1370 2901 F
1385 2869 1396 2911 ΙΙ
1416 2872 1458 2901 21
1487 2867 1618 2911 dephis
1634 2866 1673 2900 F
1689 2867 1701 2910 ΙΙ
1719 2864 1940 2909 relegiosuln
1957 2863 1996 2897 F
2011 2865 2023 2908 ΙΙ
2042 2867 2085 2897 22

394 2920 529 2954 multos
555 2918 739 2961 corynthii
767 2917 895 2961 F1123
922 2915 1133 2959 insulasque
1158 2915 1344 2959 proximas
1367 2915 1571 2949 Illasrieius
1597 2914 1656 2956 (cf.
1678 2911 1878 2954 Macrob.).·
1905 2911 2086 2955 singulos-

395 2978 464 3010 que
485 2966 672 3011 proximos
688 2965 727 2999 F
749 2964 986 3009 singulasque
1004 2962 1190 3007 proximas
1209 2962 1445 2996 Commelinus
1463 2962 1474 3005 ΙΙ
1493 2965 1539 2995 24
1559 2959 1791 3004 Thucydides
1802 2958 2006 2992 Dori-illius
2027 2957 2086 3001 (cf.

399 3014 596 3055 Macrob.).·
621 3012 812 3046 thutrodes
840 3011 879 3044 F
910 3009 1116 3044 Tuthrodes
1140 3010 1245 3052 vulqo
1265 3011 1276 3051 ΙΙ
1296 3013 1340 3043 25
1365 3010 1542 3052 tantaque
1569 3007 1646 3041 eius
1671 3005 1872 3040 auctoritas
1897 3003 2086 3049 religionis

397 3061 435 3093 ct
460 3062 517 3094 cst
542 3061 579 3093 et
605 3070 748 3103 semper
773 3058 844 3093 fuit
877 3057 1058 3092 Ciceronis
1090 3057 1176 3091 libri
1212 3057 1223 3099 ΙΙ
1260 3060 1303 3089 27
1330 3055 1399 3090 toti
1427 3054 1601 3090 Graeciae
1629 3053 1834 3088 Masi-icius
1858 3063 1876 3086 e
1902 3051 2087 3086 Cicerone:

397 3108 497 3140 totae
524 3107 621 3140 asiae
650 3106 689 3139 F
704 3107 715 3150 ΙΙ
735 3109 778 3139 28
805 3105 852 3139 ad
877 3105 1011 3139 Delum
1038 3104 1219 3138 Giccronis
1245 3103 1331 3137 libri
