2204 3437
585 164 734 200 COMM.
762 166 813 200 IN
840 166 980 202 VERG.
1007 166 1116 200 AEN.
1145 166 1170 202 Ι.
1198 169 1394 201 385—392.
1756 166 1834 206 131

141 271 302 325 omnia,
338 268 448 321 Ζεὺς
479 275 655 314 vocatur
693 270 776 314 ἀπὸ
809 273 885 326 τῆς
918 273 1041 327 ζωῆς,
1082 273 1124 314 id
1166 276 1231 314 est
1265 273 1365 314 vita.
1487 284 1647 314 CARPIS
1681 274 1838 326 accipis

141 342 273 392 modo,
305 345 354 383 ut
381 331 429 383 et
459 343 715 397 placidam
746 344 1027 397 carpebant
1059 344 1281 384 membra
1313 344 1547 398 quietem.
1668 356 1838 384 TYRIAM

140 409 448 468 Carthaginem
481 430 505 455 a
538 415 711 456 colonis.
811 426 1077 456 ADVENERIS
1111 427 1267 455 VRBEM
1301 414 1599 469 hysterologia
1626 418 1672 455 ut
1699 430 1838 469 supra,

137 483 208 525 hoc
251 487 308 526 est
348 486 405 526 acl
445 486 583 526 ‘urbem
625 487 790 528 veneris.
910 498 1063 527 PERGE
1111 498 1243 528 MODO
1284 486 1598 527 tantummodo:
1636 486 1716 527 hoc
1763 489 1839 536 est,

139 554 245 596 haec
276 555 358 596 tibi
391 556 483 597 sola
515 556 572 597 sit
605 572 723 611 cura,
754 572 853 598 nam
886 557 1095 598 liberatae
1129 559 1229 598 sunt
1260 572 1401 598 naves.
1866 566 1884 593 5

255 626 352 668 389.
397 639 577 668 PERFER
615 627 896 681 imperativus
938 627 1088 668 modus
1133 630 1214 681 est,
1256 630 1303 668 ut
1344 628 1420 668 fer
1463 628 1658 669 cineres
1692 626 1837 668 Ama-

137 697 261 750 rylli
294 697 446 739 foras.

254 767 350 809 390.
394 779 604 810 REDVCES
638 770 810 823 proprie
844 767 1060 810 ‘reduces’
1087 768 1286 809 dicuntur
1320 768 1392 821 qui
1418 769 1606 822 pericula
1634 769 1838 811 evadunt:

137 837 197 879 sic
229 838 341 879 infra
372 841 425 880 ut
457 839 667 880 reduces
700 840 782 881 illi
814 840 1017 894 ludunt7
1061 839 1224 881 scilicet
1255 842 1355 893 post
1386 840 1623 893 periculum
1656 841 1838 883 inlatum

136 909 188 950 ab
222 909 378 963 aquila.
1868 920 1909 949 10

253 980 349 1021 391.
398 992 558 1023 VERSIS
592 993 907 1031 AQVILONIBVS
942 986 1016 1024 aut
1039 983 1207 1035 speciem
1232 996 1311 1034 pro
1339 996 1481 1035 [seuere
1505 984 1662 1037 posuit,
1687 983 1759 1024 lece
1784 987 1842 1024 est

135 1051 304 1091 mittatis
335 1052 482 1102 ventis,
521 1055 595 1093 aut
633 1053 749 1107 quia⁷
787 1056 1015 1107 postquam
1053 1052 1105 1093 ad
1137 1051 1332 1093 Africam
1371 1053 1453 1094 iter
1491 1056 1729 1108 verterunt,
1772 1054 1839 1095 ad-

134 1135 279 1162 versus
313 1124 410 1163 ante
443 1121 600 1177 Aquilo
635 1124 775 1177 coepit
808 1139 900 1165 esse
933 1123 1261 1178 prosperrimus.

252 1192 349 1233 392.
393 1205 443 1234 NI
476 1205 686 1235 FuvsrnA
719 1206 965 1237 AVGVRIVM
999 1207 1111 1236 VANI
1144 1206 1363 1237 DOCVERE
1398 1207 1639 1237 PAREN'rEs
1673 1195 1753 1237 hoc
1786 1196 1837 1236 ad

135 1262 471 1304 confirmandum
504 1279 691 1306 errorem
725 1265 893 1307 Aeneae
926 1266 1051 1320 dixit,
1083 1280 1135 1306 ne
1168 1265 1398 1307 divinando
1427 1266 1505 1307 dea
1531 1281 1622 1307 esse
1650 1266 1837 1307 credere·
1866 1274 1907 1303 15

135 1335 217 1374 tur.
255 1337 292 1375 et
323 1338 380 1376 est
409 1339 694 1389 mynmentwn
725 1337 782 1378 ad
809 1337 1042 1388 fallaciam,
1075 1351 1125 1378 wc
1155 1337 1361 1390 iaztezlegyar
1391 1337 1517 1378 deam.
1557 1336 1667 1391 quod
1695 1339 1837 1378 autem

134 1405 238 1446 dicit
275 1405 397 1446 ‘vani
435 1406 670 1461 parentes'‚
709 1410 784 1448 aut
821 1407 1052 1462 hypallage
1094 1409 1176 1461 est,
1221 1407 1263 1448 id
1302 1409 1368 1448 est
1404 1422 1562 1449 vanum
1601 1408 1837 1462 augurium,

134 1478 181 1516 ut
213 1475 329 1517 dare
363 1476 621 1518 classibus
655 1480 863 1519 austros
903 1480 946 1519 et
982 1478 1132 1519 ibant
1171 1477 1377 1518 obscuri
1416 1478 1528 1519 sola
1567 1478 1655 1519 sub
1689 1481 1836 1519 nocte

132 1561 210 1600 pro
250 1547 333 1601 ipsi
366 1547 447 1588 soli
484 1562 560 1601 per
599 1547 824 1589 obscuram
863 1551 1054 1602 noctem3
1096 1551 1170 1589 aut
1208 1551 1323 1589 certe
1357 1548 1479 1590 ‘vani
1510 1548 1730 1603 parentes'
1765 1549 1838 1604 qui

132 1631 199 1657 res
234 1617 365 1658 falsas
400 1620 442 1658 et
473 1618 620 1659 inanes
654 1619 818 1660 docent.
858 1622 900 1660 et
931 1634 1008 1673 per
1038 1619 1120 1660 hoc
1153 1619 1347 1673 decipere
1373 1620 1621 1674 plerumque
1650 1620 1836 1662 ostendit
1863 1630 1906 1659 ⁴20

134 1688 323 1743 auguria.
386 1689 510 1730 multi
552 1690 703 1730 volunt
745 1690 798 1732 ad
839 1691 1020 1732 nimium
1060 1690 1142 1732 hoc
1184 1705 1373 1732 amorem
1410 1693 1638 1744 parentum
1676 1691 1836 1746 referri,

132 1759 204 1814 qui
247 1760 533 1801 teneritudine
579 1760 758 1802 affectus
806 1761 936 1802 etiam
982 1761 1195 1815 superflua
1239 1761 1398 1802 liberos
1443 1762 1606 1803 docent.
1668 1763 1836 1815 quidam

133 1828 272 1872 ‘vani'
305 1832 512 1873 mendaces
544 1832 724 1872 tradunt.
792 1831 1016 1874 Sallustius
1054 1833 1099 1873 im
1136 1832 1343 1886 Iuymtlaa
1382 1847 1491 1874 ozam
1529 1847 1608 1886 eqo
1646 1835 1835 1886 quidem

130 1901 296 1942 vellem
328 1905 371 1942 et
399 1901 512 1943 haec
542 1916 662 1955 quae
691 1903 849 1944 scribo
880 1907 924 1944 ct
955 1904 1047 1945 illa
1085 1917 1205 1956 quae
1243 1907 1388 1945 antea
1424 1905 1478 1945 in
1514 1908 1687 1946 senatu
1725 1920 1834 1958 quc-

129 1975 234 2014 stus
263 1986 368 2014 sum
399 1987 525 2014 vana
554 1974 721 2025 forent
742 1975 929 2029 potius,
961 1989 1102 2028 quam
1127 1975 1331 2016 miseria
1362 1989 1465 2017 mea
1494 1975 1646 2027 fidem
1676 1977 1835 2018 verbis
1862 1986 1904 2015 25

127 2042 325 2094 faceret.
389 2044 600 2086 Terentius
643 2045 689 2085 m
732 2044 980 2087 Phormione
1026 2046 1092 2087 aba·
1135 2046 1366 2088 adulescens
1410 2047 1589 2088 Zenonwn
1634 2048 1836 2089 mendacia·

130 2115 269 2167 cea-quit
299 2127 395 2156 non
427 2117 467 2155 te
490 2116 644 2168 pudet
672 2116 948 2159 vamtatis?

227 2294 246 2324 2
275 2292 312 2324 et
335 2289 538 2335 placidam]
566 2290 608 2326 A.
630 2290 680 2324 lV
701 2295 767 2325 522
796 2291 840 2326 cf.
869 2291 1064 2326 Ribbeckii
1090 2292 1213 2327 adnot.
1243 2292 1321 2328 crit.
1342 2293 1353 2337 Η
1375 2297 1394 2327 6
1421 2292 1490 2337 fer]
1519 2293 1599 2326 bue.
1623 2292 1708 2326 VIII
1737 2297 1800 2327 101
1824 2295 1832 2338 11

132 2341 151 2370 9
178 2338 220 2370 ut
244 2337 411 2382 reduces]
440 2338 481 2370 A.
508 2338 523 2370 1
550 2341 615 2372 397
649 2339 660 2381 Η
695 2342 735 2373 18
763 2339 866 2383 dare]
903 2338 944 2372 A.
971 2339 1020 2372 III
1049 2343 1089 2373 (31
1123 2340 1134 2382 Η
1166 2339 1288 2385 ibant]
1322 2340 1363 2374 A.
1391 2339 1440 2373 VI
1468 2344 1535 2373 268
1569 2341 1580 2383 Η
1613 2344 1655 2373 22
1683 2340 1832 2383 quidam

130 2383 217 2417 vani
243 2385 437 2418 mendaces
470 2384 636 2429 tradunt]
671 2386 715 2421 cf.
745 2385 837 2422 Gell.
867 2386 985 2420 XVIII
1013 2390 1052 2429 4,
1080 2391 1099 2420 9
1131 2389 1142 2430 Η
1173 2391 1217 2421 23
1250 2387 1289 2420 in
1315 2386 1509 2431 Iugurtha]
1539 2391 1600 2431 2-1,
1628 2390 1647 2419 9
1681 2388 1692 2431 Η
1725 2392 1767 2421 243
1795 2388 1832 2421 in

132 2430 368 2476 Phormione]
398 2431 448 2465 III
475 2436 507 2474 2,
533 2436 578 2466 40

228 2600 243 2629 1
273 2609 347 2630 ΖΕΙΟ
374 2597 415 2630 Is
443 2598 454 2641 Η
486 2608 557 2631 ano
584 2611 649 2632 ‘mvr
676 2610 769 2632 cuuis:
796 2597 830 2630 B
858 2609 928 2632 ano
955 2611 1017 2632 'rec
1044 2610 1130 2632 zoas·r
1156 2599 1189 2632 L
1221 2610 1293 2634 «1,Πο
1322 2612 1387 2633 Tne
1414 2612 1500 2631 zone
1527 2599 1571 2632 Π
1593 2599 1686 2642 ζωῆς
1713 2599 1750 2633 id
1777 2601 1832 2633 est

130 2642 210 2677 uita
241 2654 306 2678 om.
336 2643 406 2678 GP
439 2647 540 2688 (zone
574 2646 657 2680 add.
686 2644 749 2689 03)
781 2646 792 2688 Η
824 2656 846 2678 a
871 2645 950 2679 uita
975 2645 1011 2678 B
1042 2647 1054 2690 Η
1085 2650 1104 2679 3
1132 2647 1173 2680 ut
1199 2658 1311 2691 supra
1336 2657 1400 2680 om.
1432 2646 1501 2680 GP
1527 2647 1538 2689 Η
1571 2651 1589 2681 6
1626 2647 1674 2681 cul
1705 2658 1736 2680 v.
1764 2650 1829 2680 359

130 2689 271 2735 Perfer]
298 2690 540 2735 imperatiuus
567 2721 573 2727 .
598 2720 604 2726 .
628 2720 634 2726 .
662 2692 770 2726 foras.
804 2692 840 2725 P
865 2693 876 2736 Η
908 2696 927 2726 8
964 2694 1013 2727 acl
1037 2705 1068 2727 v.
1097 2697 1164 2727 :³190
1192 2693 1375 2739 Reduces]
1408 2694 1555 2738 proprie
1590 2722 1596 2728 .
1619 2722 1625 2727 .
1654 2721 1659 2727 .
1694 2694 1829 2737 aquila.

132 2737 167 2770 P
192 2739 204 2781 Η
234 2737 386 2772 reduces
413 2749 478 2773 om.
504 2739 584 2772 BP
609 2741 620 2784 Η
650 2740 737 2783 quia
765 2738 794 2773 C
821 2741 833 2783 Η
864 2744 883 2773 9
919 2740 1014 2773 sicut
1040 2741 1075 2773 P
1100 2742 1111 2784 Η
1145 2745 1186 2774 13
1222 2741 1398 2775 aduersus
1430 2742 1514 2775 ante
1548 2752 1612 2774 (ml.
1639 2741 1674 2773 ]›'
1706 2743 1717 2784 Η
1748 2753 1829 2784 pro·

131 2785 345 2829 sperrinius]
373 2786 554 2829 posterior
579 2786 614 2819 B
646 2789 657 2831 Η
691 2791 732 2820 14
759 2787 806 2820 (cd
832 2798 862 2822 v.
891 2791 957 2821 392
986 2787 1081 2821 Vani
1108 2788 1296 2832 parentes]
1331 2788 1394 2831 qui
1420 2800 1475 2822 res
1500 2788 1613 2822 falsas
1641 2789 1677 2821 ct
1702 2788 1829 2821 inanes

131 2831 276 2867 docent.
302 2832 362 2876 ΡΗ
383 2844 464 2866 mm
490 2846 647 2867 noevum:
675 2846 848 2867 PARENTES
877 2861 882 2867 .
906 2861 912 2867 .
934 2861 941 2868 .
969 2835 1067 2877 qnod
1092 2836 1215 2869 autem
1237 2835 1328 2869 dicit
1348 2835 1433 2869 vani
1453 2846 1517 2868 om.
1539 2836 1573 2867 ]›'
1594 2836 1605 2878 Η
1628 2839 1668 2867 15
1696 2834 1829 2868 dixisse

133 2878 163 2911 O
196 2890 241 2913 ne
274 2879 474 2914 divinando
506 2880 576 2915 dea
608 2892 685 2915 esse
718 2881 881 2915 omittens
911 2882 922 2924 Η
952 2881 1140 2916 uideretur
1165 2882 1197 2915 L
1231 2884 1284 2925 (at
1315 2882 1525 2916 crederetur
1555 2891 1728 2924 superser.
1763 2882 1787 2923 l)
1820 2882 1829 2926 Ῐ1

133 2929 174 2958 17
202 2927 267 2960 aut
292 2926 490 2971 hypallage
517 2930 573 2961 est
600 2955 607 2962 .
631 2956 636 2961 .
660 2955 666 2961 .
694 2929 759 2962 aut
785 2929 883 2962 certe
909 2927 994 2963 vani
1020 2930 1191 2972 parentes
1217 2940 1282 2963 oms.
1312 2930 1353 2962 Il
1369 2930 1380 2973 Η
1412 2933 1452 2961 19
1480 2928 1549 2962 soli
1575 2928 1680 2962 ibant
1705 2929 1739 2960 R
1766 2939 1830 2972 per

132 2972 326 3006 obscuram
350 2974 498 3008 noctem
524 2976 688 3008 omittens
719 2976 731 3018 Η
762 2978 806 3008 20
839 2976 877 3009 et
908 2986 973 3019 per
998 2976 1068 3010 hoc
1096 3004 1102 3010 .
1126 3004 1131 3010 .
1155 3004 1161 3010 .
1188 2976 1296 3010 inulti
1324 2977 1453 3009 volunt
1484 2986 1548 3009 om.
1576 2975 1609 3007 L
1635 2976 1689 3018 (in
1714 2986 1826 3019 τηαν-9.

132 3020 214 3054 aad.
242 3021 266 3064 l)
296 3022 308 3063 Η
339 3025 382 3054 21
409 3021 603 3065 augurium
631 3021 660 3055 O
688 3023 699 3065 Η
731 3026 774 3055 22
812 3021 951 3056 efectus
977 3023 1012 3055 B
1043 3024 1055 3067 Η
1086 3027 1129 3057 23
1158 3034 1251 3057 nane
1280 3023 1309 3055 (J
1338 3024 1440 3065 (carr.
1469 3023 1545 3056 ead.
1572 3023 1632 3064 w.)
1663 3025 1675 3065 Η
1707 3022 1827 3066 iugur—

130 3065 236 3100 thino
265 3066 310 3100 0⁴2
337 3069 348 3111 Η
380 3072 424 3101 24
450 3070 623 3111 quaestus
652 3068 681 3102 O
708 3069 720 3112 Η
752 3072 795 3102 25
824 3069 932 3114 vana]
961 3081 1078 3104 ucana
1105 3070 1135 3103 G
1156 3071 1167 3114 Η
1199 3069 1346 3103 miseria]
1372 3080 1415 3102 ca
1443 3070 1472 3103 C
1496 3069 1549 3111 (οῦ
1578 3069 1635 3112 (2¹⁴³)
1665 3070 1676 3114 Η
1706 3074 1749 3103 26
1776 3070 1827 3104 fa-

133 3114 230 3146 ceret
254 3125 318 3147 om.
348 3114 378 3148 C
406 3116 417 3159 Η
448 3115 628 3150 sormionc
656 3116 685 3147 (ry
712 3117 724 3159 Η
756 3120 798 3150 27
825 3118 956 3160 arguet
984 3118 1013 3150 (J

1498 3175 1545 3208 θ’*
