2204 3437
552 197 699 234 COMM.
726 198 778 234 IN
803 197 944 233 VERG.
971 198 1081 232 AEN.
1108 198 1134 234 Ι.
1163 201 1359 234 745-753.
1717 197 1800 239 209

105 306 171 347 bis
205 306 381 347 eandem
412 321 503 347 rem
534 306 634 348 diei:
667 320 767 361 ergo
801 306 881 347 hoe
913 305 1033 359 dicit,
1066 319 1173 359 quae
1201 319 1330 346 causa
1356 306 1422 345 est
1454 305 1682 359 longorum
1715 305 1800 346 die-

104 391 212 418 rum.
276 377 347 418 sed
382 379 424 417 et
456 377 525 424 hio
557 377 668 418 ratio
701 375 1005 430 hemisphaerii
1038 378 1114 417 est.
1196 401 1200 405 -
1236 375 1415 417 *Ti-mols
1444 389 1525 416 non
1558 376 1734 428 louvois*

223 447 317 488 747.
374 458 666 491 INGEMINANT
701 457 883 488 PLAvsv
927 458 1054 487 TYRII
1099 456 1341 494 TROESQVE
1388 457 1664 494 SEQVVNTVR
1708 447 1799 487 tmi-

103 520 255 558 tantar.
296 521 333 558 et
362 518 474 559 bono
502 533 602 559 usus
630 520 695 559 est
720 517 882 570 ordine,
915 520 963 558 ut
994 517 1113 570 prius
1140 516 1393 570 plauderent
1419 517 1552 569 cives3
1584 530 1662 557 nee
1688 517 1800 557 enim

103 587 229 628 aliter
255 591 456 642 poterant
483 589 635 629 audere
661 588 892 642 peregrini,
924 588 996 640 qut
1013 587 1310 639 exspectabant,
1336 589 1382 627 nt
1398 590 1605 628 noscerent
1625 600 1799 628 morem:
1826 595 1845 623 5

101 658 211 699 unde
245 673 373 713 supra
405 662 453 700 et
484 674 574 700 vos
606 673 630 700 o
663 661 860 700 coetum
893 657 1033 711 Tyrii
1067 658 1326 698 celebrate
1358 657 1607 699 faventes.

223 729 317 771 748.
369 742 456 771 NEC
483 741 578 771 NON
604 741 662 770 ΕΤ
691 741 832 770 VARIO
860 732 951 770 arte
977 728 1147 782 poetica
1178 728 1333 780 utitur,
1365 730 1412 768 ut
1438 729 1690 782 praemittat
1723 729 1798 769 ali-

102 799 219 852 quid,
252 814 335 854 quo
368 814 548 853 sequens
581 800 689 841 liber
721 800 916 841 videatur
948 813 1039 840 esse
1073 799 1342 840 coniunctus:
1382 799 1491 852 quod
1526 799 1569 839 in
1601 800 1797 840 omnibus

101 872 254 910 servat.

219 940 314 981 749.
362 957 522 982 LozvarM
548 939 612 980 hic
635 944 939 994 permaturum,
971 944 1046 981 ant
1074 941 1144 993 qni
1174 953 1257 981 non
1282 944 1369 981 erat
1398 941 1482 981 nist
1512 940 1643 993 ‘ipsias
1674 943 1798 980 morte
1827 947 1868 976 10

96 1010 310 1062 finiendas.
430 1022 626 1051 ΒΙΒΕΒΑΤ
658 1023 854 1053 AMOREM
893 1011 1050 1052 adlusit
1088 1011 1137 1052 ad
1180 1011 1432 1052 convivium.
1492 1011 1550 1052 ste
1580 1010 1797 1051 Anacreon

97 1081 261 1133 ἔρωτα
292 1082 471 1123 πίνων.

216 1150 311 1192 750.
361 1164 506 1193 SVPER
532 1164 703 1194 PRIAMO
737 1152 786 1193 de
812 1153 998 1194 Priamo.
1041 1168 1142 1194 nam
1170 1153 1258 1194 eius
1291 1153 1625 1206 praepositionis
1653 1152 1794 1193 officio

94 1220 304 1275 fungitur,
343 1237 420 1275 pro
455 1237 538 1277 qua
567 1220 760 1278 ponitur,
799 1225 846 1264 ut
880 1238 1008 1277 supra
1040 1225 1087 1264 et
1120 1223 1210 1264 sub
1243 1226 1443 1264 noctem
1476 1238 1596 1265 eura
1627 1237 1795 1264 recur-

96 1293 191 1344 sat,
232 1292 277 1332 id
306 1295 364 1333 est
394 1294 502 1334 eirea
532 1298 694 1336 noctem.
756 1298 793 1336 et
821 1295 1045 1348 sciendam,
1081 1295 1189 1347 qnod
1218 1309 1308 1335 enm
1340 1297 1495 1347 tempas
1525 1295 1793 1347 sz'ynifieatnr7
1823 1300 1864 1330 15

95 1360 196 1402 ‘sab'
227 1364 476 1415 praepositio
508 1365 734 1406 accusativo
771 1364 908 1406 haeret
937 1378 1102 1418 semper.
1230 1376 1458 1406 ROGITANS
1507 1365 1669 1406 scilieet
1711 1379 1794 1419 quo

96 1432 226 1479 modo,
251 1433 307 1473 sit
332 1434 527 1475 venditus
554 1449 646 1489 rex3
678 1436 739 1477 ret
763 1437 833 1488 qai
858 1449 947 1476 eum
966 1439 1062 1488 post
1085 1436 1296 1477 decennale
1322 1436 1467 1476 bellum
1491 1436 1622 1477 exitas
1648 1436 1793 1477 tulerit.

215 1503 310 1545 751.
360 1515 576 1546 AVRORAE
609 1517 758 1547 FILIVS
791 1506 1004 1547 Memnon.
1066 1506 1160 1548 ideo
1200 1509 1342 1548 autem
1382 1506 1491 1547 dixit
1523 1505 1700 1560 ‘quibus
1733 1520 1794 1546 ar-

94 1571 209 1625 mis',
248 1574 346 1627 quia
378 1574 603 1617 Vulcaniis
644 1577 773 1617 armis
812 1592 913 1618 usus
951 1577 1083 1617 fuisse
1121 1579 1333 1618 narratur.
1452 1594 1635 1619 AVRORAE
1665 1592 1796 1617 FILIVS

94 1660 214 1685 Amas
243 1645 341 1696 qma
372 1646 494 1687 etiam
526 1647 563 1687 et
589 1647 741 1699 fecerat
770 1661 890 1688 arma
925 1647 1139 1689 Vulcanus.
1193 1648 1263 1699 (sai
1293 1661 1384 1688 enm
1415 1648 1622 1688 auxilinm
1650 1646 1792 1688 Trota-
1819 1654 1862 1684 20

92 1714 159 1754 nis
192 1714 332 1769 ferret,
370 1718 483 1769 afflat
521 1718 690 1759 Troiam
727 1719 878 1760 occisas
915 1722 981 1759 est.
1041 1718 1106 1759 lete
1142 1719 1188 1758 in
1230 1721 1341 1759 tanto
1379 1732 1516 1758 amore
1552 1718 1665 1770 apud
1700 1732 1792 1759 snos

92 1785 219 1826 socios
247 1786 344 1837 fait,
377 1791 423 1828 nt
445 1791 542 1840 post
571 1789 656 1830 eius
687 1792 854 1830 mortem
880 1803 970 1830 enm
996 1803 1085 1830 eant
1110 1789 1286 1829 nintimn
1317 1789 1507 1841 deflerent
1536 1789 1793 1829 miseratione

92 1855 257 1896 deornm
288 1858 333 1897 in
365 1871 456 1899 aves
487 1860 667 1901 conversi
697 1860 885 1901 dieantur
918 1863 953 1901 et
984 1860 1202 1912 quotannis
1232 1860 1368 1900 venire
1399 1861 1454 1901 ad
1480 1860 1682 1900 tantulane
1708 1860 1793 1899 εἰπε

92 1928 129 1966 et
167 1926 225 1967 ibi
264 1928 550 1970 lamentatione
586 1933 624 1971 et
657 1931 816 1983 fletibus
851 1945 892 1972 se
931 1931 1170 1984 dilacerare,
1209 1931 1330 1971 donee
1369 1931 1605 1983 aliquantae
1644 1930 1791 1972 ibidem

91 1997 335 2040 morta-ntur.
1817 2008 1861 2040 25

212 2068 306 2110 752.
358 2081 537 2119 QVALES
570 2083 797 2114 DIOMEDIS
830 2084 939 2122 EQVI
976 2086 1063 2114 non
1101 2072 1302 2113 debemus
1341 2086 1412 2113 eos
1453 2085 1584 2125 equos
1622 2071 1789 2112 intelle-

93 2150 212 2193 gere,
250 2153 354 2194 quos
393 2141 564 2182 Aeneae
604 2143 798 2196 sustulit,
835 2157 913 2184 neo
951 2143 1064 2184 enim
1104 2142 1318 2196 congruit3
1359 2141 1430 2182 sed
1469 2142 1518 2182 de
1556 2141 1623 2182 his
1661 2142 1789 2182 inter-

91 2211 234 2263 rogat,
279 2224 385 2264 quos
428 2212 604 2253 sustulit
645 2212 800 2255 Rheso.
864 2212 1055 2268 tquales'
1099 2216 1243 2255 autem
1285 2212 1410 2267 dixit,
1451 2227 1500 2254 ao
1541 2212 1577 2253 si
1619 2212 1790 2265 diceret,

93 2293 201 2319 anne
245 2279 306 2322 sie
347 2281 508 2323 feroces
553 2285 601 2323 ut
643 2283 708 2324 illi
751 2299 775 2325 a
817 2284 970 2338 quibus
1013 2284 1226 2326 ducebant
1270 2283 1493 2337 originem.
1560 2281 1788 2324 Diomedes

93 2349 222 2404 enim,
247 2365 320 2392 rex
348 2351 579 2406 Thracum,
610 2353 763 2395 habuit
789 2369 919 2408 equos
945 2355 1017 2409 qui
1042 2354 1241 2396 humanis
1269 2354 1467 2396 carnibus
1494 2354 1786 2394 vescebantur.
1814 2361 1857 2392 30
1896 2385 1903 2392 ,

91 2419 171 2461 hos
197 2420 403 2464 Hercules
430 2423 569 2464 occiso
597 2424 756 2465 crudeli
787 2427 971 2478 tyranno
999 2425 1225 2466 abduxisse
1254 2423 1524 2478 perhibetur:
1557 2423 1606 2463 de
1634 2424 1788 2477 quibus

92 2490 291 2534 dicuntur
330 2508 458 2547 supra
494 2495 721 2536 memorati
761 2496 857 2550 equi
899 2496 1111 2550 originem
1150 2495 1313 2536 ducere.
1374 2497 1449 2535 ant
1483 2495 1569 2535 ‹z'deo
1603 2493 1788 2547 ‘qnales’,

91 2562 162 2614 qai
191 2564 401 2614 potuerint
430 2578 511 2605 esse
548 2565 607 2605 ita
643 2566 791 2617 divini,
828 2569 875 2607 at
910 2567 1016 2608 inter
1049 2566 1202 2619 fatalia
1236 2566 1420 2607 Troiana
1450 2568 1787 2614 manerarentnr;

89 2645 189 2673 nam
220 2634 306 2675 ideo
337 2637 375 2674 et
403 2648 530 2687 snpra
561 2638 786 2679 ardentes
817 2638 887 2678 aa.

211 2705 304 2746 753.
355 2717 474 2747 IMMO
506 2718 598 2748 AGE
632 2707 739 2748 vidit
771 2708 976 2762 speeialia
1007 2708 1091 2749 cito
1124 2722 1250 2762 posse
1282 2706 1411 2761 finiri,
1453 2709 1496 2748 et
1528 2708 1709 2748 eontulit
1742 2723 1785 2749 se

185 2837 204 2866 6
232 2834 269 2867 et
294 2833 374 2878 vos]
401 2834 443 2867 A.
471 2835 485 2867 Ι
507 2820 573 2868 7‘35
593 2836 605 2878 ΙΙ
625 2839 666 2869 11
695 2836 900 2881 Anacreon]
929 2837 1026 2880 poet.
1046 2836 1112 2879 lyr.
1135 2835 1194 2869 Gr.
1216 2847 1284 2870 rec.
1308 2835 1429 2878 Bergk
1450 2848 1483 2879 p.
1511 2839 1596 2869 1043
1624 2834 1679 2868 ed.
1703 2835 1747 2867 ΙΙΙ
1775 2853 1783 2863 ,1

94 2883 135 2913 14
161 2881 199 2914 et
224 2880 306 2925 sub]
335 2881 377 2914 A.
404 2881 419 2913 Ι
446 2885 511 2915 662
544 2883 556 2925 Ι]
587 2886 630 2916 29
657 2882 854 2917 Diomedes
882 2909 888 2916 .
917 2912 924 2918 .
953 2910 960 2917 .
987 2882 1218 2928 perhibetur]
1246 2882 1290 2917 cf.
1318 2883 1500 2926 niythogr.
1528 2883 1558 2915 vll
1583 2886 1645 2915 151

186 3001 203 3031 1
230 2997 370 3032 dierum
403 2998 497 3032 ratio
530 2999 699 3033 similiter
730 2999 994 3044 hemisphaerii
1030 3002 1085 3035 est
1112 3001 1141 3034 (J
1175 3002 1187 3044 ΙΙ
1224 3004 1243 3033 3
1278 3011 1433 3033 rmvsvm
1460 2998 1492 3032 L
1532 3011 1683 3032 mmsv‘r
1710 2999 1751 3031 H
1772 2999 1783 3043 [l

92 3047 111 3077 5
138 3043 264 3079 audire
290 3045 334 3078 H
368 3045 487 3079 audiri
517 3046 561 3079 M
579 3046 590 3090 ΙΙ
611 3050 630 3080 6
656 3046 769 3091 unde]
797 3047 839 3080 ut
859 3048 961 3091 11118
988 3058 1059 3091 quo
1090 3048 1151 3080 M:
1178 3046 1274 3089 quod
1296 3046 1449 3089 BLlln
1472 3050 1508 3078 11
1540 3044 1682 3079 adluxit
1711 3046 1751 3079 H
1771 3047 1781 3089 ζ]

22 3132 23 3141 ¹
56 3111 62 3118 x
94 3094 135 3123 13
163 3092 210 3125 ad
234 3102 264 3125 ν’.
294 3096 360 3126 750
388 3092 504 3137 Super
530 3093 691 3137 Priamo]
721 3093 765 3127 de
793 3094 938 3129 Priamo
965 3094 1072 3138 (pria)
1101 3122 1107 3128 .
1136 3122 1142 3127 .
1171 3123 1176 3128 .
1205 3093 1334 3126 haeret
1359 3104 1513 3136 sempor.
1548 3092 1578 3125 1¹
1602 3094 1613 3136 ΙΙ
1641 3096 1683 3126 27
1712 3094 1779 3126 Ae-

92 3147 179 3170 neas
205 3138 240 3170 R
258 3139 269 3182 ΙΙ
290 3143 331 3172 29
360 3150 452 3173 anne
481 3140 525 3173 C:
551 3150 617 3174 neo
643 3140 823 3174 BLHM
858 3153 947 3175 num
971 3142 1094 3175 malim
1113 3143 1124 3185 Η
1150 3145 1192 3174 31
1221 3139 1416 3174 adduxisse
1442 3139 1487 3173 H

164 3201 261 3227 Servii
280 3210 384 3229 comm.
403 3204 472 3231 Vol.
493 3205 518 3230 Ι.
538 3205 624 3231 Fasc.
643 3205 666 3232 I.
1457 3203 1498 3232 14
