2204 3437
344 575 364 605 5

325 930 341 958 1
346 930 366 957 Ο

392 174 475 216 338
621 156 627 160 ⁷
1154 166 1313 202 suavn

391 286 573 336 exceptus
618 282 884 332 liberatusque
923 281 996 331 est,
1039 278 1252 329 Lycmyus
1289 275 1384 315 vaes
1421 273 1506 313 eius
1542 274 1755 323 amputare
1791 270 1938 323 coepit:
1983 282 2083 322 qaa-

383 357 551 408 propz‘er
574 367 651 407 per
679 352 861 404 sim-orem
891 364 918 390 a
949 350 1029 390 diis
1059 349 1278 389 inmissam
1309 346 1393 398 ipse
1417 344 1495 385 sila·
1520 355 1643 383 crura
1667 339 1877 382 succidat.
1970 351 2082 381 REG-

391 436 517 465 NATA
548 422 822 477 participium
854 423 910 461 est
942 419 1032 460 sine
1064 418 1184 460 verbi
1217 416 1393 470 origine.

512 495 576 535 15.
625 502 879 534 IIOSPITIVM
911 500 1155 538 ANTIQVVM
1197 493 1271 528 aut
1311 500 1474 538 carum,
1515 486 1589 525 aut
1627 497 1670 523 re
1709 496 1810 523 vera
1849 483 2084 536 antiquum.

390 580 490 606 nam
533 567 657 605 tanta
700 563 811 603 inter
856 561 973 614 ipsos
1018 558 1294 600 familiaritas
1338 556 1437 609 fuit,
1488 557 1535 596 ut
1578 554 1732 607 Ilione,
1781 553 1870 593 filia
1914 552 2086 605 Priami,

392 634 678 689 Polymestori
717 633 897 673 nuberet
935 631 1148 672 Thracum
1186 628 1291 681 regi.
1421 642 1596 672 socnam
1623 641 1794 666 PENATES
1828 623 1887 664 vel
1918 625 2087 675 propter

390 719 519 759 supra
550 706 701 746 dictam
732 704 1050 744 coniunctionem
1076 702 1239 742 Ilionae
1270 702 1306 740 et
1325 697 1622 750 Polymestoris,
1653 696 1713 736 vel
1737 696 1836 748 qaia
1860 708 1950 735 cam
1976 693 2088 734 omni

391 777 609 818 hereditate
646 776 851 815 maiorum
889 774 1111 814 diviserant
1148 772 1270 811 etiam
1308 771 1398 810 deos
1421 770 1590 821 penates
1621 766 1851 807 Deo-clamis
1882 768 1918 805 ct
1948 764 2088 805 Iasius

391 850 553 901 fratres,
585 860 757 899 quoram
789 845 891 885 altm-
926 843 1162 894 Thraciam,
1194 841 1296 881 alter
1328 839 1556 892 Phnryfflam
1588 837 1755 878 incoluit
1785 838 2028 888 occupatam.

515 919 578 959 ic.
630 928 729 957 DVM
762 926 982 956 FORTVNA
1015 925 1122 954 FVIT
1157 911 1317 952 scilicet
1349 911 1474 950 bona.
1526 911 1569 948 et
1594 908 1722 949 simul
1749 906 1937 948 ostendit
1962 905 2088 945 fidem

395 1005 487 1031 cum
532 988 738 1029 felicitate
782 986 971 1026 deficere.
1027 998 1127 1025 sane
1173 981 1406 1034 sciendum,
1452 979 1832 1033 quotienscumque
1870 976 2088 1017 fortunam

328 1100 340 1109 ,
395 1061 531 1102 solam
564 1059 757 1111 dicimus,
788 1057 1039 1097 felicitatem
1071 1053 1282 1107 intellegi:
1316 1052 1424 1093 unde
1459 1053 1500 1091 et
1530 1050 1774 1090 fortunatos
1802 1050 1971 1089 tantum
1996 1047 2088 1087 feli-

396 1146 475 1185 ces,
508 1134 551 1171 et
582 1130 870 1170 infortunatos
905 1126 1020 1167 solos
1053 1124 1245 1165 infelices
1278 1137 1492 1164 vocamus.
1608 1131 1778 1161 LITORE
1813 1130 1966 1160 CVRVO
1998 1132 2089 1172 per-

394 1205 569 1255 petuum
609 1200 831 1254 epitheton
867 1198 1042 1238 litorum
1077 1199 1158 1236 est:
1201 1209 1301 1235 nam
1334 1193 1444 1248 quod
1475 1192 1519 1232 in
1552 1194 1671 1232 sexto
1704 1190 1845 1243 (900⁴)
1878 1189 1940 1230 ait
1971 1191 2090 1230 tunc

396 1286 447 1312 se
481 1271 538 1311 ad
566 1268 775 1311 Caietae
808 1270 947 1308 recto
980 1267 1081 1307 fert
1112 1266 1268 1306 litore
1295 1266 1496 1317 portum
1525 1262 1738 1316 significat
1765 1275 1860 1302 eum
1886 1261 1947 1301 ita
1972 1259 2089 1300 navi-

397 1356 539 1397 gasse,
580 1344 625 1382 ut
662 1355 749 1381 non
781 1339 1045 1393 relinqueret
1076 1337 1193 1378 litus.
1312 1345 1455 1375 PRIMA
1488 1344 1608 1374 LOCO
1642 1332 1742 1386 quia
1775 1331 1885 1385 apud
1918 1329 2091 1371 Cretam

397 1414 483 1454 alia
525 1412 638 1453 fecit.
700 1411 826 1460 modo
873 1412 1014 1451 autem
1058 1409 1224 1448 Aenum
1269 1405 1500 1459 significat,
1545 1406 1593 1444 ut
1631 1402 1861 1443 Sallustius
1899 1401 2091 1442 Aenum

398 1487 446 1524 et
478 1483 768 1524 Maroneam
809 1481 1043 1533 viamque
1072 1478 1372 1518 'nlilitarein
1436 1488 1693 1529 quamquam
1725 1472 1937 1514 Homerus
1978 1471 2093 1512 dicat

493 1628 534 1658 17
564 1621 776 1666 Sallustius]
803 1620 935 1664 fragm.
962 1619 1030 1652 inc.
1059 1622 1102 1651 38
1124 1618 1184 1651 Kr.
1211 1619 1222 1661 ΙΙ
1250 1620 1291 1650 18
1319 1614 1516 1659 Homerus]
1544 1614 1585 1647 11.
1614 1613 1662 1647 IV
1688 1617 1756 1647 520

494 1759 511 1788 1
540 1753 790 1795 liberatusque
812 1762 876 1784 om.
897 1750 928 1783 T
943 1751 954 1793 ΙΙ
974 1749 1068 1782 uites
1089 1759 1132 1781 ear
1152 1748 1256 1781 uates
1275 1746 1307 1779 T
1323 1747 1334 1790 ΙΙ
1355 1750 1373 1779 2
1398 1744 1613 1786 Masi-icius,
1634 1743 1696 1787 qui
1715 1743 1756 1776 in
1776 1742 1920 1776 edemlis
1938 1741 1985 1775 iis
2004 1750 2094 1784 quae

401 1803 442 1837 de
462 1802 631 1846 Lycargyo
658 1801 833 1834 adnotata
860 1801 945 1831 sant
971 1807 1049 1830 cum
1064 1795 1219 1829 Daniele
1234 1794 1272 1827 Γ
1279 1794 1506 1827 Ioriacensem
1532 1794 1672 1825 secutus
1698 1793 1746 1823 est
1764 1793 1845 1833 post
1864 1787 1962 1832 quod.
1981 1788 2094 1821 etiam

400 1851 444 1884 de
470 1848 719 1883 Demosthene
748 1846 886 1879 dictum
914 1846 970 1878 est
994 1844 1079 1877 haec
1105 1842 1249 1876 addidit
1274 1840 1349 1874 Alii
1375 1840 1427 1873 sic
1451 1838 1624 1872 referunt.
1663 1837 1733 1871 fuit
1752 1837 1952 1880 Lycurgus,
1980 1835 2093 1869 Thra—

403 1897 481 1930 ciae
507 1907 580 1939 rex,
606 1894 703 1928 filius
723 1891 913 1937 Dryantis:
941 1891 1004 1934 qui
1024 1890 1121 1933 quod
1141 1890 1303 1923 Thraces
1322 1886 1565 1921 immoderate
1585 1885 1670 1919 vino
1691 1884 1834 1918 deditos
1854 1881 2094 1926 conspiceret,

401 1944 495 1977 vites
522 1953 646 1976 om‘nes
671 1943 751 1974 toto
776 1950 891 1984 regno
919 1938 1037 1972 excidi
1062 1936 1180 1978 iussit,
1208 1937 1249 1969 ut
1277 1934 1404 1969 scribit
1423 1932 1643 1966 Plutarchus
1665 1931 1763 1966 eoin
1784 1929 1969 1975 opusculo,
1996 1928 2094 1972 quod

403 1991 447 2024 de
473 1995 666 2034 poetarum
691 1987 856 2021 utilitate
884 1984 1102 2028 conscripsit
1127 1984 1182 2022 (de
1207 1983 1292 2016 aad.
1314 1984 1407 2025 poet.
1438 1982 1481 2024 1).
1526 1979 1612 2013 hinc
1638 1979 1746 2012 datus
1772 1980 1828 2012 est
1853 1976 1972 2021 poetis
1992 1976 2094 2009 locus

402 2037 567 2071 fabulae:
607 2036 815 2079 Lycurgum
852 2031 1089 2066 infestissimo
1120 2030 1307 2063 Bacchum
1344 2028 1427 2062 odio
1461 2027 1696 2071 prosecutum
1729 2036 1805 2059 esse
1838 2025 1950 2066 adeo,
1986 2025 2027 2056 ut
2059 2024 2097 2055 et

403 2084 564 2118 nutrices
590 2082 690 2116 illius
716 2082 754 2115 in
775 2081 874 2124 Nysa
900 2080 1057 2113 latentes
1083 2077 1364 2122 persequeretur
1390 2076 1427 2109 et
1447 2073 1592 2107 Baccho
1619 2073 1690 2117 ipsi
1709 2073 1850 2106 tantum
1873 2070 2022 2104 terroris
2042 2069 2095 2102 in-

405 2130 570 2173 cusserit,
597 2131 638 2163 ut
662 2127 859 2173 praecipiti
884 2126 973 2170 fuga
997 2125 1152 2159 traiecto
1179 2123 1283 2165 mari,
1310 2123 1348 2156 in
1372 2133 1508 2155 naxum
1535 2131 1572 2154 se
1599 2119 1793 2163 receperit:
1820 2118 1975 2160 ideoque
1996 2116 2094 2150 iusta

401 2177 562 2212 numinis
587 2176 643 2209 ira
669 2176 876 2219 Lycurgum
904 2173 941 2206 111
967 2172 1125 2206 furorem
1155 2181 1369 2204 conversum
1395 2170 1441 2209 et,
1469 2179 1550 2202 cum
1577 2167 1672 2201 vites
1699 2176 1854 2209 quoque,
1881 2176 1925 2198 ne
1948 2163 2094 2197 Baccho

402 2226 439 2259 in
471 2225 662 2269 posterum
693 2223 887 2263 libaretur,
921 2220 1088 2254 excidere
1114 2218 1245 2259 vellet,
1278 2216 1388 2251 tibias
1415 2216 1483 2249 sibi
1510 2213 1717 2248 succidisse.
1749 2214 1760 2257 ΙΙ
1791 2217 1812 2246 4
1837 2223 1995 2249 mrim-M
2021 2210 2065 2243 H

403 2274 571 2315 antiqum
598 2270 682 2303 ΕΗ
709 2269 919 2312 (antiquum
946 2268 972 2309 l)
998 2268 1009 2310 ΙΙ
1042 2271 1061 2300 5
1088 2265 1204 2310 ipsos]
1238 2264 1322 2298 illos
1351 2264 1397 2297 M
1420 2264 1432 2306 11
1464 2267 1483 2296 6
1510 2261 1768 2306 polymiestori
1794 2259 1832 2293 F
1866 2257 2096 2303 polimestori

403 2319 489 2353 LH
520 2320 531 2363 ΙΙ
568 2318 753 2351 Thracum
785 2315 879 2360 regi]
915 2315 973 2348 cui
999 2313 1222 2357 Polydorum
1255 2311 1371 2345 filium
1397 2310 1564 2344 Priamus
1590 2307 1681 2342 belli
1706 2309 1872 2351 tempore
1898 2304 2093 2350 parvulum

404 2365 730 2401 commendaverat
761 2363 933 2397 alendum
965 2361 1048 2395 add.
1076 2360 1113 2393 1)
1147 2359 1205 2393 cui
1230 2358 1470 2402 Polydorum,
1505 2356 1623 2390 filium
1649 2366 1693 2388 ex
1717 2354 1891 2395 Hecuba,
1930 2352 2096 2386 Priamus

402 2415 509 2458 pater
542 2412 648 2446 initio
686 2410 778 2445 belli
816 2408 983 2451 Troiani,
1009 2406 1230 2442 ‘communis
1268 2404 1396 2439 Martis
1440 2403 1593 2438 exitium
1636 2402 1791 2443 veritus,
1837 2412 1918 2435 cum
1963 2409 2097 2443 magno

404 2461 483 2494 auri
515 2459 677 2503 pondere
705 2457 937 2492 educandum
968 2454 1141 2496 tradidit,
1175 2453 1326 2496 antiquo
1352 2451 1509 2495 hospiti,
1537 2450 1655 2484 amico
1682 2450 1720 2483 et
1745 2459 1880 2493 genero
1907 2458 1984 2481 suo.
2034 2445 2098 2480 sed

403 2507 481 2541 illic
507 2507 637 2543 deleta
655 2494 767 2539 Troffl
794 2504 997 2546 ceterisque
1025 2501 1194 2535 omnibus
1219 2500 1294 2534 fere
1321 2498 1458 2533 Priami
1483 2496 1613 2531 liberis
1639 2495 1858 2535 interfectis,
1892 2494 1971 2528 auri
1997 2492 2097 2537 cupi-

405 2555 521 2588 ditate
548 2553 726 2587 adductus
741 2551 964 2594 Polydorum
990 2549 1029 2582 111
1054 2548 1162 2582 litore
1190 2546 1411 2591 spatiantem
1436 2544 1521 2579 telis
1541 2544 1758 2587 aggreditur
1779 2544 1816 2576 et
1834 2542 1970 2576 frustra
1989 2540 2098 2573 fidem

405 2602 558 2635 deorum
595 2599 858 2641 hominumque
891 2596 1148 2640 implorantem
1176 2593 1313 2628 occidit
1339 2602 1517 2635 caesoque
1544 2590 1729 2624 tumulum
1755 2587 2007 2633 superiniecit,
2041 2586 2098 2621 cui

406 2657 663 2692 super-crevere
696 2645 807 2689 myrti
832 2644 1005 2687 virgulta.
1056 2641 1095 2675 id
1121 2653 1202 2675 cum
1229 2641 1347 2673 mater
1373 2638 1525 2673 Hecuba
1550 2636 1811 2678 intellexisset,
1845 2634 2036 2670 simulavit
2061 2644 2099 2667 se

407 2696 535 2739 ingens
570 2694 690 2727 adhuc
717 2692 794 2726 auri
823 2691 964 2735 pondus
991 2689 1086 2723 velle
1113 2690 1254 2722 secroto
1283 2687 1338 2721 illi
1363 2686 1544 2727 indicare,
1583 2685 1682 2728 quod
1708 2695 1774 2728 pro
1800 2683 1876 2717 filio
1904 2681 2097 2725 acciperet.

407 2742 504 2785 quod
531 2752 661 2775 avarus
687 2751 750 2772 rex
775 2750 900 2772 verum
928 2736 1142 2770 existimaus
1168 2735 1268 2768 illius
1296 2733 1477 2778 unguibus
1499 2733 1714 2766 occaecatus
1735 2732 1801 2765 est.
1835 2729 1955 2764 exstat
1974 2730 2099 2762 tamen

408 2791 444 2823 et
476 2788 551 2822 alia
583 2788 627 2821 dc
654 2786 837 2829 Polydoro
869 2784 1011 2818 fabula:
1050 2793 1181 2826 nempe
1210 2782 1367 2815 Graecos
1393 2792 1458 2825 per
1484 2778 1682 2813 Thraciam
1707 2778 1894 2812 venientes
1920 2777 2017 2809 hunc
2043 2785 2099 2808 ce-

407 2836 514 2880 pisse⁷
541 2834 730 2868 Priamum
755 2834 878 2866 autem
899 2842 964 2875 pro
986 2829 1237 2873 redemptione
1258 2828 1325 2861 filii
1347 2827 1496 2861 Graecis
1524 2825 1669 2860 dedisse
1688 2825 1828 2866 urbem⁷
1856 2833 1950 2867 quae
1971 2823 2100 2866 postea

408 2884 454 2916 ab
489 2883 620 2916 eventu
646 2880 856 2914 Antandros
884 2878 984 2912 dicta
1010 2878 1081 2911 est:
1116 2888 1189 2919 qua
1215 2876 1367 2919 accepta
1392 2874 1477 2908 illos
1505 2875 1631 2907 tamen
1655 2872 1771 2906 nihilo
1798 2870 1916 2904 minus
1942 2868 2100 2913 Polydo-

408 2942 487 2963 rum
515 2929 700 2973 lapidibus
727 2926 890 2961 obruisse
918 2925 999 2959 add.
1031 2923 1235 2957 lilasi-icius
1253 2923 1265 2965 l}
1286 2927 1303 2956 7
1331 2920 1614 2965 polymaestoris
1641 2919 1679 2953 Γ
1695 2920 1706 2962 ΙΙ
1726 2918 1812 2962 quia
1837 2928 1919 2951 cum
1945 2915 2101 2950 Daniel:

408 2987 564 3019 quacum
591 2975 629 3009 Γ
645 2975 657 3018 {l
683 2979 702 3008 9
722 2973 903 3008 trachiam
928 2971 966 3005 F
981 2972 993 3015 ΙΙ
1014 2975 1054 3004 11
1079 2969 1265 3004 sciendum
1293 2971 1347 3003 est
1366 2969 1442 3002 FL
1461 2969 1474 3011 Η
1496 2972 1535 3001 12
1557 2966 1808 3009 intellegimus
1829 2964 1884 2997 ΓΙ
1903 2966 1914 3006 11
1933 2963 2029 2997 unde
2044 2989 2051 2997 .
2068 2990 2075 2997 .
2091 2989 2098 2996 .

408 3034 580 3057 vocamus
607 3033 670 3056 om.
699 3021 737 3055 F
765 3022 776 3064 ΙΙ
817 3024 860 3054 14
886 3031 971 3053 nam
998 3017 1095 3061 quod
1124 3045 1130 3051 .
1155 3045 1160 3050 .
1189 3045 1195 3050 .
1223 3016 1310 3049 litus
1337 3026 1402 3049 om.
1430 3015 1468 3049 'J‘v
1502 3016 1513 3057 11
1553 3018 1594 3046 15
1622 3013 1762 3046 caietae
1789 3011 1840 3044 L.-
1866 3011 2035 3053 cugetam
2062 3008 2105 3042 II

409 3069 564 3103 caietam
592 3068 684 3102 ME
707 3069 718 3111 ΙΙ
743 3068 890 3112 portum
918 3077 982 3099 om⁴
1012 3066 1059 3098 M
1075 3065 1087 3108 ΙΙ
1117 3068 1155 3097 10
1184 3075 1313 3096 ,uon-:xm
1339 3075 1443 3096 rium
1471 3062 1509 3095 ff
1526 3062 1537 3105 ΙΙ
1567 3065 1604 3094 17
1634 3059 1746 3092 aliam
1776 3057 1866 3091 ME
1883 3059 1895 3101 11
1916 3058 1955 3090 ut
1982 3056 2099 3091 Sallu-

410 3115 499 3150 stius
527 3144 532 3150 .
562 3143 568 3148 .
598 3144 603 3149 .
630 3114 812 3158 portanda
837 3125 892 3147 om
918 3113 984 3156 ΓΗ
1012 3115 1053 3145 18
1080 3121 1306 3145 marroneam
1335 3109 1368 3142 L
1405 3118 1593 3142 maronem
1619 3106 1658 3140 J«)
1681 3108 1784 3149 (corr.
1812 3106 1842 3148 e)
