<?xml version="1.0" encoding="UTF-8"?>
<!DOCTYPE html PUBLIC "-//W3C//DTD XHTML 1.0 Transitional//EN"
    "http://www.w3.org/TR/xhtml1/DTD/xhtml1-transitional.dtd">
<html xmlns="http://www.w3.org/1999/xhtml" xml:lang="en" lang="en">
 <head>
  <title>
</title>
<meta http-equiv="Content-Type" content="text/html;charset=utf-8" />
  <meta name='ocr-system' content='tesseract 3.04.00' />
  <meta name='ocr-capabilities' content='ocr_page ocr_carea ocr_par ocr_line ocrx_word'/>
</head>
<body>
  <div class='ocr_page' id='page_1' title='image "./invergiliicarmin01servuoft_0330.png"; bbox 0 0 2204 3437; ppageno 0'>
   <div class='ocr_carea' id='block_1_1' title="bbox 374 915 416 945">
    <p class='ocr_par' dir='ltr' id='par_1_1' title="bbox 374 915 416 945">
     <span class='ocr_line' id='line_1_1' title="bbox 374 915 416 945; baseline 0 0"><span class='ocrx_word' id='word_1_1' title='bbox 374 915 416 945; x_wconf 91' lang='lat'><em>10</em></span> 
     </span>
    </p>
   </div>
   <div class='ocr_carea' id='block_1_2' title="bbox 376 1268 418 1298">
    <p class='ocr_par' dir='ltr' id='par_1_2' title="bbox 376 1268 418 1298">
     <span class='ocr_line' id='line_1_2' title="bbox 376 1268 418 1298; baseline 0.024 -1"><span class='ocrx_word' id='word_1_2' title='bbox 376 1268 418 1298; x_wconf 88' lang='lat'><em>15</em></span> 
     </span>
    </p>
   </div>
   <div class='ocr_carea' id='block_1_3' title="bbox 376 1627 419 1656">
    <p class='ocr_par' dir='ltr' id='par_1_3' title="bbox 376 1627 419 1656">
     <span class='ocr_line' id='line_1_3' title="bbox 376 1627 419 1656; baseline 0 0"><span class='ocrx_word' id='word_1_3' title='bbox 376 1627 419 1656; x_wconf 72' lang='lat'><em>20</em></span> 
     </span>
    </p>
   </div>
   <div class='ocr_carea' id='block_1_4' title="bbox 448 166 1371 209">
    <p class='ocr_par' dir='ltr' id='par_1_4' title="bbox 448 166 1371 209">
     <span class='ocr_line' id='line_1_4' title="bbox 448 166 1371 209; baseline -0.011 0"><span class='ocrx_word' id='word_1_4' title='bbox 448 168 533 209; x_wconf 77' lang='lat'><em>226</em></span> <span class='ocrx_word' id='word_1_5' title='bbox 1212 166 1371 200; x_wconf 83' lang='lat' dir='ltr'><strong>SERVII</strong></span> 
     </span>
    </p>
   </div>
   <div class='ocr_carea' id='block_1_5' title="bbox 441 270 2167 1882">
    <p class='ocr_par' dir='ltr' id='par_1_5' title="bbox 443 270 2145 541">
     <span class='ocr_line' id='line_1_5' title="bbox 449 270 2140 325; baseline -0.004 -8"><span class='ocrx_word' id='word_1_6' title='bbox 449 278 541 317; x_wconf 88' lang='lat' dir='ltr'><em>ctus</em></span> <span class='ocrx_word' id='word_1_7' title='bbox 574 276 699 317; x_wconf 87' lang='lat' dir='ltr'><em>docta</em></span> <span class='ocrx_word' id='word_1_8' title='bbox 730 273 934 316; x_wconf 85' lang='lat' dir='ltr'><em>doctum’.</em></span> <span class='ocrx_word' id='word_1_9' title='bbox 1055 286 1114 316; x_wconf 81' lang='lat' dir='ltr'><em>VT</em></span> <span class='ocrx_word' id='word_1_10' title='bbox 1148 284 1384 316; x_wconf 75' lang='lat' dir='ltr'>STRVERET</span> <span class='ocrx_word' id='word_1_11' title='bbox 1412 274 1458 313; x_wconf 87' lang='lat' dir='ltr'><em>ut</em></span> <span class='ocrx_word' id='word_1_12' title='bbox 1484 271 1756 313; x_wconf 84' lang='lat' dir='ltr'><em>confirmaret</em></span> <span class='ocrx_word' id='word_1_13' title='bbox 1782 271 1999 325; x_wconf 88' lang='lat' dir='ltr'><em>praeiacta</em></span> <span class='ocrx_word' id='word_1_14' title='bbox 2025 270 2140 312; x_wconf 88' lang='lat' dir='ltr'><em>dolo-</em></span> 
     </span>
     <span class='ocr_line' id='line_1_6' title="bbox 447 341 2145 399; baseline -0.002 -13"><span class='ocrx_word' id='word_1_15' title='bbox 447 361 541 387; x_wconf 86' lang='lat' dir='ltr'><em>rum</em></span> <span class='ocrx_word' id='word_1_16' title='bbox 574 346 747 387; x_wconf 87' lang='lat' dir='ltr'><em>semina.</em></span> <span class='ocrx_word' id='word_1_17' title='bbox 802 348 844 387; x_wconf 88' lang='lat' dir='ltr'><em>et</em></span> <span class='ocrx_word' id='word_1_18' title='bbox 875 345 1064 399; x_wconf 80' lang='lat' dir='ltr'><em>respexit</em></span> <span class='ocrx_word' id='word_1_19' title='bbox 1097 345 1150 386; x_wconf 86' lang='lat' dir='ltr'><em>ad</em></span> <span class='ocrx_word' id='word_1_20' title='bbox 1183 344 1420 398; x_wconf 78' lang='lat' dir='ltr'>superiora,</span> <span class='ocrx_word' id='word_1_21' title='bbox 1453 345 1499 384; x_wconf 90' lang='lat' dir='ltr'><em>ut</em></span> <span class='ocrx_word' id='word_1_22' title='bbox 1531 342 1643 396; x_wconf 81' lang='lat'>&lt;16&gt;</span> <span class='ocrx_word' id='word_1_23' title='bbox 1676 341 1971 384; x_wconf 87' lang='lat' dir='ltr'><em>aedificant.</em></span> <span class='ocrx_word' id='word_1_24' title='bbox 2099 358 2145 383; x_wconf 74' lang='lat' dir='ltr'><em>VT</em></span> 
     </span>
     <span class='ocr_line' id='line_1_7' title="bbox 445 412 2142 468; baseline -0.004 -9"><span class='ocrx_word' id='word_1_25' title='bbox 445 418 658 468; x_wconf 67' lang='lat' dir='ltr'><em>smmum]</em></span> <span class='ocrx_word' id='word_1_26' title='bbox 692 417 714 440; x_wconf 63' lang='lat'><em>³⁵</em></span> <span class='ocrx_word' id='word_1_27' title='bbox 728 417 786 458; x_wconf 81' lang='lat' dir='ltr'><em>vet</em></span> <span class='ocrx_word' id='word_1_28' title='bbox 824 419 1022 457; x_wconf 71' lang='lat' dir='ltr'><em>astrueret</em></span> <span class='ocrx_word' id='word_1_29' title='bbox 1055 416 1114 457; x_wconf 77' lang='lat' dir='ltr'><em>vel</em></span> <span class='ocrx_word' id='word_1_30' title='bbox 1144 416 1350 457; x_wconf 79' lang='lat' dir='ltr'><em>incoatum</em></span> <span class='ocrx_word' id='word_1_31' title='bbox 1389 428 1415 455; x_wconf 90' lang='lat' dir='ltr'><em>a</em></span> <span class='ocrx_word' id='word_1_32' title='bbox 1448 412 1617 455; x_wconf 78' lang='lat' dir='ltr'><em>Graecis</em></span> <span class='ocrx_word' id='word_1_33' title='bbox 1641 413 1860 466; x_wconf 70' lang='lat' dir='ltr'><em>perficeret.</em></span> <span class='ocrx_word' id='word_1_34' title='bbox 1921 414 2029 465; x_wconf 76' lang='lat' dir='ltr'><em>quod</em></span> <span class='ocrx_word' id='word_1_35' title='bbox 2058 413 2142 465; x_wconf 72' lang='lat' dir='ltr'><em>ipse</em></span> 
     </span>
     <span class='ocr_line' id='line_1_8' title="bbox 443 484 1408 541; baseline -0.003 -12"><span class='ocrx_word' id='word_1_36' title='bbox 443 488 629 541; x_wconf 63' lang='lat' dir='ltr'><em>exposuit</em></span> <span class='ocrx_word' id='word_1_37' title='bbox 660 486 928 540; x_wconf 68' lang='lat' dir='ltr'><em>‘Troiamque</em></span> <span class='ocrx_word' id='word_1_38' title='bbox 958 487 1134 540; x_wconf 75' lang='lat' dir='ltr'><em>aperiret</em></span> <span class='ocrx_word' id='word_1_39' title='bbox 1164 484 1366 527; x_wconf 74' lang='lat' dir='ltr'><em>Aeliivis&#39;.</em></span> <span class='ocrx_word' id='word_1_40' title='bbox 1386 484 1408 508; x_wconf 40' lang='grc' dir='ltr'><em>γ’</em></span> 
     </span>
    </p>

    <p class='ocr_par' dir='ltr' id='par_1_6' title="bbox 441 554 2142 1036">
     <span class='ocr_line' id='line_1_9' title="bbox 560 554 2141 610; baseline -0.002 -12"><span class='ocrx_word' id='word_1_41' title='bbox 560 558 626 599; x_wconf 89' lang='grc'><em>61.</em></span> <span class='ocrx_word' id='word_1_42' title='bbox 678 568 843 598; x_wconf 79' lang='lat' dir='ltr'>FIDENS</span> <span class='ocrx_word' id='word_1_43' title='bbox 876 568 1011 597; x_wconf 83' lang='lat' dir='ltr'>ANIMI</span> <span class='ocrx_word' id='word_1_44' title='bbox 1042 559 1090 598; x_wconf 91' lang='lat' dir='ltr'><em>ut</em></span> <span class='ocrx_word' id='word_1_45' title='bbox 1122 555 1232 610; x_wconf 81' lang='lat' dir='ltr'>&lt;XII</span> <span class='ocrx_word' id='word_1_46' title='bbox 1262 555 1342 609; x_wconf 82' lang='lat'><em>19&gt;</em></span> <span class='ocrx_word' id='word_1_47' title='bbox 1376 569 1399 596; x_wconf 97' lang='lat' dir='ltr'><em>o</em></span> <span class='ocrx_word' id='word_1_48' title='bbox 1431 557 1706 608; x_wconf 85' lang='lat' dir='ltr'><em>praestans</em></span> <span class='ocrx_word' id='word_1_49' title='bbox 1739 554 1895 596; x_wconf 89' lang='lat' dir='ltr'><em>animi</em></span> <span class='ocrx_word' id='word_1_50' title='bbox 1926 554 2141 596; x_wconf 87' lang='lat' dir='ltr'><em>iuvenis.</em></span> 
     </span>
     <span class='ocr_line' id='line_1_10' title="bbox 443 623 2141 682; baseline -0.004 -12"><span class='ocrx_word' id='word_1_51' title='bbox 443 631 486 670; x_wconf 87' lang='lat' dir='ltr'><em>et</em></span> <span class='ocrx_word' id='word_1_52' title='bbox 527 630 592 669; x_wconf 89' lang='lat' dir='ltr'><em>est</em></span> <span class='ocrx_word' id='word_1_53' title='bbox 632 642 805 682; x_wconf 81' lang='lat' dir='ltr'><em>nomen3</em></span> <span class='ocrx_word' id='word_1_54' title='bbox 849 627 977 668; x_wconf 87' lang='lat' dir='ltr'><em>desiit</em></span> <span class='ocrx_word' id='word_1_55' title='bbox 1017 627 1128 668; x_wconf 82' lang='lat' dir='ltr'><em>enim</em></span> <span class='ocrx_word' id='word_1_56' title='bbox 1172 641 1264 667; x_wconf 86' lang='lat' dir='ltr'><em>esse</em></span> <span class='ocrx_word' id='word_1_57' title='bbox 1309 625 1601 679; x_wconf 73' lang='lat' dir='ltr'>participium,</span> <span class='ocrx_word' id='word_1_58' title='bbox 1641 625 1741 679; x_wconf 84' lang='lat' dir='ltr'><em>quia</em></span> <span class='ocrx_word' id='word_1_59' title='bbox 1782 625 1981 679; x_wconf 83' lang='lat' dir='ltr'><em>genetivo</em></span> <span class='ocrx_word' id='word_1_60' title='bbox 2024 623 2141 665; x_wconf 88' lang='lat' dir='ltr'><em>casui</em></span> 
     </span>
     <span class='ocr_line' id='line_1_11' title="bbox 444 695 2141 752; baseline -0.002 -13"><span class='ocrx_word' id='word_1_61' title='bbox 444 697 644 739; x_wconf 87' lang='lat' dir='ltr'><em>cohaeret</em></span> <span class='ocrx_word' id='word_1_62' title='bbox 677 701 719 739; x_wconf 87' lang='lat' dir='ltr'><em>et</em></span> <span class='ocrx_word' id='word_1_63' title='bbox 756 699 902 752; x_wconf 85' lang='lat' dir='ltr'><em>potest</em></span> <span class='ocrx_word' id='word_1_64' title='bbox 942 698 1130 751; x_wconf 87' lang='lat' dir='ltr'><em>recipere</em></span> <span class='ocrx_word' id='word_1_65' title='bbox 1163 695 1525 750; x_wconf 71' lang='lat' dir='ltr'>conparationem.</span> <span class='ocrx_word' id='word_1_66' title='bbox 1645 709 1742 737; x_wconf 86' lang='lat' dir='ltr'><em>sane</em></span> <span class='ocrx_word' id='word_1_67' title='bbox 1771 699 1916 737; x_wconf 78' lang='lat' dir='ltr'><em>veteres</em></span> <span class='ocrx_word' id='word_1_68' title='bbox 1945 696 2141 749; x_wconf 73' lang='lat' dir='ltr'><em>fiduciam</em></span> 
     </span>
     <span class='ocr_line' id='line_1_12' title="bbox 441 765 2139 821; baseline -0.002 -11"><span class='ocrx_word' id='word_1_69' title='bbox 441 769 646 810; x_wconf 78' lang='lat' dir='ltr'><em>interdum</em></span> <span class='ocrx_word' id='word_1_70' title='bbox 673 782 749 821; x_wconf 74' lang='lat' dir='ltr'><em>pro</em></span> <span class='ocrx_word' id='word_1_71' title='bbox 781 769 951 810; x_wconf 75' lang='lat' dir='ltr'><em>erimine</em></span> <span class='ocrx_word' id='word_1_72' title='bbox 982 772 1019 809; x_wconf 90' lang='lat' dir='ltr'><em>et</em></span> <span class='ocrx_word' id='word_1_73' title='bbox 1048 768 1224 809; x_wconf 76' lang='lat' dir='ltr'><em>audacia</em></span> <span class='ocrx_word' id='word_1_74' title='bbox 1248 767 1470 820; x_wconf 74' lang='lat' dir='ltr'><em>ponebant,</em></span> <span class='ocrx_word' id='word_1_75' title='bbox 1511 769 1557 807; x_wconf 84' lang='lat' dir='ltr'><em>ut</em></span> <span class='ocrx_word' id='word_1_76' title='bbox 1587 765 1811 808; x_wconf 72' lang='lat' dir='ltr'><em>Sallustius</em></span> <span class='ocrx_word' id='word_1_77' title='bbox 1841 767 1917 807; x_wconf 89' lang='lat' dir='ltr'><em>ita</em></span> <span class='ocrx_word' id='word_1_78' title='bbox 1945 767 2139 819; x_wconf 80' lang='lat' dir='ltr'><em>fiducia</em></span> 
     </span>
     <span class='ocr_line' id='line_1_13' title="bbox 441 837 2142 893; baseline -0.002 -12"><span class='ocrx_word' id='word_1_79' title='bbox 441 853 583 892; x_wconf 79' lang='lat' dir='ltr'><em>quani</em></span> <span class='ocrx_word' id='word_1_80' title='bbox 621 840 927 893; x_wconf 69' lang='lat' dir='ltr'><em>aryumentis</em></span> <span class='ocrx_word' id='word_1_81' title='bbox 959 839 1275 892; x_wconf 70' lang='lat' dir='ltr'><em>puryatiores</em></span> <span class='ocrx_word' id='word_1_82' title='bbox 1313 837 1647 879; x_wconf 77' lang='lat' dir='ltr'><em>dimittuntur.</em></span> <span class='ocrx_word' id='word_1_83' title='bbox 1709 840 1747 878; x_wconf 88' lang='lat' dir='ltr'><em>et</em></span> <span class='ocrx_word' id='word_1_84' title='bbox 1790 837 1990 890; x_wconf 71' lang='lat' dir='ltr'><em>Veryilius</em></span> <span class='ocrx_word' id='word_1_85' title='bbox 2030 850 2142 878; x_wconf 80' lang='lat' dir='ltr'><em>nam</em></span> 
     </span>
     <span class='ocr_line' id='line_1_14' title="bbox 442 906 2139 964; baseline -0.003 -12"><span class='ocrx_word' id='word_1_86' title='bbox 442 911 551 963; x_wconf 77' lang='lat' dir='ltr'><em>quis</em></span> <span class='ocrx_word' id='word_1_87' title='bbox 591 914 647 964; x_wconf 83' lang='lat' dir='ltr'><em>te,</em></span> <span class='ocrx_word' id='word_1_88' title='bbox 684 911 912 952; x_wconf 80' lang='lat' dir='ltr'><em>iuvenum</em></span> <span class='ocrx_word' id='word_1_89' title='bbox 950 908 1388 961; x_wconf 66' lang='lat' dir='ltr'><em>confidentissime.</em></span> <span class='ocrx_word' id='word_1_90' title='bbox 1510 919 1557 948; x_wconf 83' lang='lat' dir='ltr'><em>IN</em></span> <span class='ocrx_word' id='word_1_91' title='bbox 1592 918 1843 957; x_wconf 78' lang='lat' dir='ltr'>VTRVMQVE</span> <span class='ocrx_word' id='word_1_92' title='bbox 1887 906 1974 947; x_wconf 70' lang='lat' dir='ltr'><em>‘in&#39;</em></span> <span class='ocrx_word' id='word_1_93' title='bbox 2014 907 2139 948; x_wconf 84' lang='lat' dir='ltr'><em>modo</em></span> 
     </span>
     <span class='ocr_line' id='line_1_15' title="bbox 445 977 2140 1036; baseline -0.003 -13"><span class='ocrx_word' id='word_1_94' title='bbox 445 980 541 1022; x_wconf 64' lang='lat' dir='ltr'><em>ead&#39;</em></span> <span class='ocrx_word' id='word_1_95' title='bbox 576 982 808 1036; x_wconf 79' lang='lat' dir='ltr'><em>significat,</em></span> <span class='ocrx_word' id='word_1_96' title='bbox 841 981 944 1022; x_wconf 90' lang='lat' dir='ltr'><em>alibi</em></span> <span class='ocrx_word' id='word_1_97' title='bbox 976 995 1053 1034; x_wconf 89' lang='lat' dir='ltr'><em>pro</em></span> <span class='ocrx_word' id='word_1_98' title='bbox 1088 977 1291 1033; x_wconf 68' lang='lat' dir='ltr'><em>‘contra&#39;7</em></span> <span class='ocrx_word' id='word_1_99' title='bbox 1324 981 1371 1019; x_wconf 90' lang='lat' dir='ltr'><em>ut</em></span> <span class='ocrx_word' id='word_1_100' title='bbox 1403 978 1534 1020; x_wconf 87' lang='lat' dir='ltr'><em>etiam</em></span> <span class='ocrx_word' id='word_1_101' title='bbox 1568 993 1696 1032; x_wconf 88' lang='lat' dir='ltr'><em>supra</em></span> <span class='ocrx_word' id='word_1_102' title='bbox 1729 977 1775 1031; x_wconf 82' lang='lat' dir='ltr'><em>&lt;I</em></span> <span class='ocrx_word' id='word_1_103' title='bbox 1802 978 1915 1032; x_wconf 84' lang='lat'>304&gt;</span> <span class='ocrx_word' id='word_1_104' title='bbox 1945 977 2140 1018; x_wconf 81' lang='lat' dir='ltr'><em>diximus.</em></span> 
     </span>
    </p>

    <p class='ocr_par' dir='ltr' id='par_1_7' title="bbox 561 1048 2040 1106">
     <span class='ocr_line' id='line_1_16' title="bbox 561 1048 2040 1106; baseline -0.003 -12"><span class='ocrx_word' id='word_1_105' title='bbox 561 1066 660 1094; x_wconf 89' lang='lat' dir='ltr'><em>sane</em></span> <span class='ocrx_word' id='word_1_106' title='bbox 689 1053 868 1106; x_wconf 75' lang='lat' dir='ltr'><em>sequenti</em></span> <span class='ocrx_word' id='word_1_107' title='bbox 898 1066 1014 1093; x_wconf 79' lang='lat' dir='ltr'><em>versu</em></span> <span class='ocrx_word' id='word_1_108' title='bbox 1046 1051 1246 1104; x_wconf 73' lang='lat' dir='ltr'><em>eoeposuit,</em></span> <span class='ocrx_word' id='word_1_109' title='bbox 1277 1050 1377 1102; x_wconf 77' lang='lat' dir='ltr'><em>quid</em></span> <span class='ocrx_word' id='word_1_110' title='bbox 1406 1052 1463 1090; x_wconf 89' lang='lat' dir='ltr'><em>est</em></span> <span class='ocrx_word' id='word_1_111' title='bbox 1495 1048 1561 1090; x_wconf 74' lang='lat' dir='ltr'><em>‘in</em></span> <span class='ocrx_word' id='word_1_112' title='bbox 1592 1052 1806 1102; x_wconf 76' lang='lat' dir='ltr'><em>utrumque</em></span> <span class='ocrx_word' id='word_1_113' title='bbox 1828 1048 2040 1102; x_wconf 68' lang='lat' dir='ltr'><em>paratus’.</em></span> 
     </span>
    </p>

    <p class='ocr_par' dir='ltr' id='par_1_8' title="bbox 443 1119 2167 1517">
     <span class='ocr_line' id='line_1_17' title="bbox 562 1119 2140 1173; baseline -0.004 -8"><span class='ocrx_word' id='word_1_114' title='bbox 562 1123 629 1165; x_wconf 76' lang='lat'><em>(32.</em></span> <span class='ocrx_word' id='word_1_115' title='bbox 679 1134 887 1165; x_wconf 80' lang='lat' dir='ltr'><strong>VERSARE</strong></span> <span class='ocrx_word' id='word_1_116' title='bbox 926 1134 1054 1164; x_wconf 88' lang='lat' dir='ltr'>DOLO</span> <span class='ocrx_word' id='word_1_117' title='bbox 1092 1121 1190 1162; x_wconf 82' lang='lat' dir='ltr'><em>dolo</em></span> <span class='ocrx_word' id='word_1_118' title='bbox 1230 1121 1436 1173; x_wconf 76' lang='lat' dir='ltr'><em>evertere,</em></span> <span class='ocrx_word' id='word_1_119' title='bbox 1477 1121 1517 1160; x_wconf 86' lang='lat' dir='ltr'><em>et</em></span> <span class='ocrx_word' id='word_1_120' title='bbox 1557 1119 1759 1160; x_wconf 87' lang='lat' dir='ltr'><em>subaudis</em></span> <span class='ocrx_word' id='word_1_121' title='bbox 1798 1119 2026 1173; x_wconf 81' lang='lat' dir='ltr'><em>Troianos3</em></span> <span class='ocrx_word' id='word_1_122' title='bbox 2066 1122 2140 1160; x_wconf 88' lang='lat' dir='ltr'><em>aut</em></span> 
     </span>
     <span class='ocr_line' id='line_1_18' title="bbox 445 1190 2138 1247; baseline -0.003 -12"><span class='ocrx_word' id='word_1_123' title='bbox 445 1193 587 1235; x_wconf 76' lang='lat' dir='ltr'><em>‘dolos</em></span> <span class='ocrx_word' id='word_1_124' title='bbox 620 1192 824 1247; x_wconf 80' lang='lat' dir='ltr'><em>versare&#39;‚</em></span> <span class='ocrx_word' id='word_1_125' title='bbox 855 1193 935 1234; x_wconf 90' lang='lat' dir='ltr'><em>hoc</em></span> <span class='ocrx_word' id='word_1_126' title='bbox 969 1196 1034 1234; x_wconf 88' lang='lat' dir='ltr'><em>est</em></span> <span class='ocrx_word' id='word_1_127' title='bbox 1066 1205 1271 1233; x_wconf 82' lang='lat' dir='ltr'><em>exercere.</em></span> <span class='ocrx_word' id='word_1_128' title='bbox 1309 1190 1404 1231; x_wconf 72' lang='lat' dir='ltr'><em>ltine</em></span> <span class='ocrx_word' id='word_1_129' title='bbox 1433 1193 1634 1243; x_wconf 79' lang='lat' dir='ltr'><em>versutus,</em></span> <span class='ocrx_word' id='word_1_130' title='bbox 1666 1191 1773 1242; x_wconf 73' lang='lat' dir='ltr'><em>qnod</em></span> <span class='ocrx_word' id='word_1_131' title='bbox 1799 1190 1922 1241; x_wconf 80' lang='lat' dir='ltr'><em>facile</em></span> <span class='ocrx_word' id='word_1_132' title='bbox 1945 1203 1986 1231; x_wconf 92' lang='lat' dir='ltr'><em>se</em></span> <span class='ocrx_word' id='word_1_133' title='bbox 2012 1190 2068 1231; x_wconf 81' lang='lat' dir='ltr'><em>ad</em></span> <span class='ocrx_word' id='word_1_134' title='bbox 2091 1203 2138 1230; x_wconf 89' lang='lat' dir='ltr'><em>ea</em></span> 
     </span>
     <span class='ocr_line' id='line_1_19' title="bbox 444 1260 2140 1317; baseline -0.004 -11"><span class='ocrx_word' id='word_1_135' title='bbox 444 1278 546 1317; x_wconf 78' lang='lat' dir='ltr'><em>quae</em></span> <span class='ocrx_word' id='word_1_136' title='bbox 575 1278 674 1306; x_wconf 85' lang='lat' dir='ltr'><em>usus</em></span> <span class='ocrx_word' id='word_1_137' title='bbox 696 1264 830 1317; x_wconf 71' lang='lat' dir='ltr'><em>poscit</em></span> <span class='ocrx_word' id='word_1_138' title='bbox 858 1264 985 1305; x_wconf 80' lang='lat' dir='ltr'><em>vertit.</em></span> <span class='ocrx_word' id='word_1_139' title='bbox 1047 1261 1225 1302; x_wconf 83' lang='lat' dir='ltr'><em>Plautus</em></span> <span class='ocrx_word' id='word_1_140' title='bbox 1255 1261 1499 1302; x_wconf 73' lang='lat' dir='ltr'><em>versutior</em></span> <span class='ocrx_word' id='word_1_141' title='bbox 1536 1274 1598 1313; x_wconf 79' lang='lat' dir='ltr'><em>es,</em></span> <span class='ocrx_word' id='word_1_142' title='bbox 1637 1274 1779 1312; x_wconf 78' lang='lat' dir='ltr'><em>quani</em></span> <span class='ocrx_word' id='word_1_143' title='bbox 1810 1264 1919 1302; x_wconf 70' lang='lat' dir='ltr'><em>rota</em></span> <span class='ocrx_word' id='word_1_144' title='bbox 1953 1260 2140 1313; x_wconf 63' lang='lat' dir='ltr'><em>fiyuta-</em></span> 
     </span>
     <span class='ocr_line' id='line_1_20' title="bbox 444 1331 2167 1385; baseline -0.002 -10"><span class='ocrx_word' id='word_1_145' title='bbox 444 1336 526 1377; x_wconf 72' lang='lat' dir='ltr'><em>ris.</em></span> <span class='ocrx_word' id='word_1_146' title='bbox 644 1351 866 1377; x_wconf 69' lang='lat' dir='ltr'><em>oooVMssERE</em></span> <span class='ocrx_word' id='word_1_147' title='bbox 894 1350 1015 1375; x_wconf 77' lang='lat' dir='ltr'><em>MORTI</em></span> <span class='ocrx_word' id='word_1_148' title='bbox 1041 1346 1168 1374; x_wconf 84' lang='lat' dir='ltr'><em>novae</em></span> <span class='ocrx_word' id='word_1_149' title='bbox 1200 1332 1412 1373; x_wconf 80' lang='lat' dir='ltr'><em>locutionis</em></span> <span class='ocrx_word' id='word_1_150' title='bbox 1436 1332 1572 1385; x_wconf 71' lang='lat' dir='ltr'><em>fiyura</em></span> <span class='ocrx_word' id='word_1_151' title='bbox 1597 1334 1633 1372; x_wconf 90' lang='lat' dir='ltr'><em>et</em></span> <span class='ocrx_word' id='word_1_152' title='bbox 1655 1331 1820 1384; x_wconf 70' lang='lat' dir='ltr'><em>penitus</em></span> <span class='ocrx_word' id='word_1_153' title='bbox 1844 1334 2008 1372; x_wconf 76' lang='lat' dir='ltr'><em>remota.</em></span> <span class='ocrx_word' id='word_1_154' title='bbox 2052 1331 2134 1372; x_wconf 89' lang='lat' dir='ltr'><em>En·</em></span> <span class='ocrx_word' id='word_1_155' title='bbox 2156 1346 2167 1360; x_wconf 87' lang='lat'><strong>·</strong></span> 
     </span>
     <span class='ocr_line' id='line_1_21' title="bbox 443 1402 2141 1457; baseline -0.002 -10"><span class='ocrx_word' id='word_1_156' title='bbox 443 1406 539 1446; x_wconf 86' lang='lat' dir='ltr'><em>nius</em></span> <span class='ocrx_word' id='word_1_157' title='bbox 570 1409 621 1446; x_wconf 89' lang='lat' dir='ltr'><em>ut</em></span> <span class='ocrx_word' id='word_1_158' title='bbox 649 1419 729 1447; x_wconf 81' lang='lat' dir='ltr'><em>vos</em></span> <span class='ocrx_word' id='word_1_159' title='bbox 759 1405 914 1446; x_wconf 77' lang='lat' dir='ltr'><em>vostri</em></span> <span class='ocrx_word' id='word_1_160' title='bbox 946 1403 1090 1445; x_wconf 72' lang='lat' dir='ltr'><em>liberi</em></span> <span class='ocrx_word' id='word_1_161' title='bbox 1119 1403 1400 1457; x_wconf 76' lang='lat' dir='ltr'><em>defendant,</em></span> <span class='ocrx_word' id='word_1_162' title='bbox 1431 1416 1524 1455; x_wconf 70' lang='lat' dir='ltr'><em>pro</em></span> <span class='ocrx_word' id='word_1_163' title='bbox 1562 1405 1727 1443; x_wconf 72' lang='lat' dir='ltr'><em>vostra</em></span> <span class='ocrx_word' id='word_1_164' title='bbox 1757 1402 1861 1443; x_wconf 81' lang='lat' dir='ltr'><em>vita</em></span> <span class='ocrx_word' id='word_1_165' title='bbox 1892 1402 2037 1443; x_wconf 80' lang='lat' dir='ltr'><em>morti</em></span> <span class='ocrx_word' id='word_1_166' title='bbox 2067 1415 2141 1444; x_wconf 85' lang='lat' dir='ltr'><em>oe-</em></span> 
     </span>
     <span class='ocr_line' id='line_1_22' title="bbox 444 1476 898 1517; baseline -0.002 -1"><span class='ocrx_word' id='word_1_167' title='bbox 444 1476 670 1517; x_wconf 78' lang='lat' dir='ltr'><em>cumbant</em></span> <span class='ocrx_word' id='word_1_168' title='bbox 700 1476 898 1517; x_wconf 78' lang='lat' dir='ltr'><em>obviam.</em></span> 
     </span>
    </p>

    <p class='ocr_par' dir='ltr' id='par_1_9' title="bbox 446 1543 1705 1667">
     <span class='ocr_line' id='line_1_23' title="bbox 564 1543 1384 1599; baseline -0.004 -12"><span class='ocrx_word' id='word_1_169' title='bbox 564 1546 631 1587; x_wconf 79' lang='lat'><em>63.</em></span> <span class='ocrx_word' id='word_1_170' title='bbox 680 1557 868 1588; x_wconf 82' lang='lat' dir='ltr'>VISENDI</span> <span class='ocrx_word' id='word_1_171' title='bbox 912 1543 1273 1599; x_wconf 83' lang='lat' dir='ltr'><em>frequentativum</em></span> <span class='ocrx_word' id='word_1_172' title='bbox 1319 1546 1384 1584; x_wconf 87' lang='lat' dir='ltr'><em>est</em></span> 
     </span>
     <span class='ocr_line' id='line_1_24' title="bbox 446 1612 1705 1667; baseline -0.003 -10"><span class='ocrx_word' id='word_1_173' title='bbox 446 1616 547 1657; x_wconf 87' lang='lat' dir='ltr'><em>licet</em></span> <span class='ocrx_word' id='word_1_174' title='bbox 578 1631 722 1657; x_wconf 87' lang='lat' dir='ltr'><em>rarum</em></span> <span class='ocrx_word' id='word_1_175' title='bbox 755 1616 828 1667; x_wconf 83' lang='lat' dir='ltr'><em>sit3</em></span> <span class='ocrx_word' id='word_1_176' title='bbox 861 1630 962 1656; x_wconf 87' lang='lat' dir='ltr'><em>nam</em></span> <span class='ocrx_word' id='word_1_177' title='bbox 993 1615 1038 1656; x_wconf 89' lang='lat' dir='ltr'><em>in</em></span> <span class='ocrx_word' id='word_1_178' title='bbox 1070 1613 1158 1656; x_wconf 72' lang='lat' dir='ltr'><em>‘to’</em></span> <span class='ocrx_word' id='word_1_179' title='bbox 1193 1616 1347 1655; x_wconf 84' lang='lat' dir='ltr'><em>exeunt</em></span> <span class='ocrx_word' id='word_1_180' title='bbox 1378 1612 1705 1667; x_wconf 84' lang='lat' dir='ltr'><em>frequentativa.</em></span> 
     </span>
    </p>

    <p class='ocr_par' dir='ltr' id='par_1_10' title="bbox 447 1679 2144 1882">
     <span class='ocr_line' id='line_1_25' title="bbox 565 1679 2141 1739; baseline -0.004 -10"><span class='ocrx_word' id='word_1_181' title='bbox 565 1687 632 1728; x_wconf 83' lang='lat'><em>64.</em></span> <span class='ocrx_word' id='word_1_182' title='bbox 683 1697 968 1729; x_wconf 80' lang='lat' dir='ltr'>CIRCVMFVSA</span> <span class='ocrx_word' id='word_1_183' title='bbox 1001 1697 1110 1727; x_wconf 77' lang='lat' dir='ltr'><em>err</em></span> <span class='ocrx_word' id='word_1_184' title='bbox 1150 1685 1289 1739; x_wconf 84' lang='lat' dir='ltr'><em>figura</em></span> <span class='ocrx_word' id='word_1_185' title='bbox 1320 1679 1570 1737; x_wconf 73' lang='grc' dir='ltr'><em>ὑπαλλαγή,</em></span> <span class='ocrx_word' id='word_1_186' title='bbox 1609 1683 1697 1724; x_wconf 84' lang='lat' dir='ltr'><em>ruit</em></span> <span class='ocrx_word' id='word_1_187' title='bbox 1726 1683 1865 1735; x_wconf 74' lang='lat' dir='ltr'><em>primo</em></span> <span class='ocrx_word' id='word_1_188' title='bbox 1905 1684 1947 1723; x_wconf 85' lang='lat' dir='ltr'><em>et</em></span> <span class='ocrx_word' id='word_1_189' title='bbox 1976 1683 2034 1724; x_wconf 81' lang='lat' dir='ltr'><em>sie</em></span> <span class='ocrx_word' id='word_1_190' title='bbox 2065 1683 2141 1723; x_wconf 87' lang='lat' dir='ltr'><em>cir-</em></span> 
     </span>
     <span class='ocr_line' id='line_1_26' title="bbox 447 1753 2144 1808; baseline -0.002 -10"><span class='ocrx_word' id='word_1_191' title='bbox 447 1758 641 1799; x_wconf 88' lang='lat' dir='ltr'><em>cumfusa</em></span> <span class='ocrx_word' id='word_1_192' title='bbox 673 1761 749 1799; x_wconf 88' lang='lat' dir='ltr'><em>est.</em></span> <span class='ocrx_word' id='word_1_193' title='bbox 875 1775 1049 1800; x_wconf 78' lang='lat' dir='ltr'><em>CERTANT</em></span> <span class='ocrx_word' id='word_1_194' title='bbox 1076 1771 1166 1798; x_wconf 79' lang='lat' dir='ltr'><em>eum</em></span> <span class='ocrx_word' id='word_1_195' title='bbox 1203 1770 1331 1808; x_wconf 75' lang='lat' dir='ltr'><em>supra</em></span> <span class='ocrx_word' id='word_1_196' title='bbox 1363 1754 1568 1796; x_wconf 73' lang='lat' dir='ltr'><em>eiuventus</em></span> <span class='ocrx_word' id='word_1_197' title='bbox 1598 1753 1703 1795; x_wconf 68' lang='lat' dir='ltr'><em>ruit&#39;</em></span> <span class='ocrx_word' id='word_1_198' title='bbox 1737 1754 1901 1804; x_wconf 69' lang='lat' dir='ltr'><em>dixerit,</em></span> <span class='ocrx_word' id='word_1_199' title='bbox 1933 1754 2144 1795; x_wconf 70' lang='lat' dir='ltr'><em>subiunxit</em></span> 
     </span>
     <span class='ocr_line' id='line_1_27' title="bbox 448 1825 2141 1882; baseline -0.002 -12"><span class='ocrx_word' id='word_1_200' title='bbox 448 1827 649 1870; x_wconf 50' lang='lat' dir='ltr'><em>‘eei-tant&amp;</em></span> <span class='ocrx_word' id='word_1_201' title='bbox 679 1829 903 1882; x_wconf 72' lang='lat' dir='ltr'><em>fiyuratuui</em></span> <span class='ocrx_word' id='word_1_202' title='bbox 922 1832 989 1879; x_wconf 85' lang='lat' dir='ltr'><em>est,</em></span> <span class='ocrx_word' id='word_1_203' title='bbox 1011 1828 1111 1881; x_wconf 77' lang='lat' dir='ltr'><em>quia</em></span> <span class='ocrx_word' id='word_1_204' title='bbox 1130 1828 1314 1868; x_wconf 78' lang='lat' dir='ltr'><em>iuventus</em></span> <span class='ocrx_word' id='word_1_205' title='bbox 1333 1826 1611 1867; x_wconf 68' lang='lat' dir='ltr'><em>enuntiatione</em></span> <span class='ocrx_word' id='word_1_206' title='bbox 1628 1825 1837 1878; x_wconf 70' lang='lat' dir='ltr'><em>sinyulare</em></span> <span class='ocrx_word' id='word_1_207' title='bbox 1856 1827 1922 1879; x_wconf 82' lang='lat' dir='ltr'><em>est,</em></span> <span class='ocrx_word' id='word_1_208' title='bbox 1941 1825 2141 1866; x_wconf 78' lang='lat' dir='ltr'><em>intellectu</em></span> 
     </span>
    </p>
   </div>
   <div class='ocr_carea' id='block_1_6' title="bbox 1427 1541 2142 1596">
    <p class='ocr_par' dir='ltr' id='par_1_11' title="bbox 1427 1541 2142 1596">
     <span class='ocr_line' id='line_1_28' title="bbox 1427 1541 2142 1596; baseline 0.001 -13"><span class='ocrx_word' id='word_1_209' title='bbox 1427 1541 1574 1596; x_wconf 65' lang='lat' dir='ltr'><em>‘viso’7</em></span> <span class='ocrx_word' id='word_1_210' title='bbox 1618 1544 1665 1583; x_wconf 89' lang='lat' dir='ltr'><em>ut</em></span> <span class='ocrx_word' id='word_1_211' title='bbox 1712 1541 1878 1583; x_wconf 72' lang='lat' dir='ltr'><em>‘verso&#39;</em></span> <span class='ocrx_word' id='word_1_212' title='bbox 1921 1541 2142 1596; x_wconf 64' lang='lat' dir='ltr'><em>‘facesso&#39;‚</em></span> 
     </span>
    </p>
   </div>
   <div class='ocr_carea' id='block_1_7' title="bbox 446 1976 2140 2072">
    <p class='ocr_par' dir='ltr' id='par_1_12' title="bbox 446 1976 2140 2072">
     <span class='ocr_line' id='line_1_29' title="bbox 541 1976 2140 2025; baseline -0.003 -11"><span class='ocrx_word' id='word_1_213' title='bbox 541 1983 560 2013; x_wconf 83' lang='lat' dir='ltr'>S</span> <span class='ocrx_word' id='word_1_214' title='bbox 589 1979 798 2025; x_wconf 77' lang='lat' dir='ltr'><em>Sallustius]</em></span> <span class='ocrx_word' id='word_1_215' title='bbox 826 1979 912 2013; x_wconf 87' lang='lat' dir='ltr'><em>hist.</em></span> <span class='ocrx_word' id='word_1_216' title='bbox 939 1978 1070 2023; x_wconf 86' lang='lat' dir='ltr'><em>fragm.</em></span> <span class='ocrx_word' id='word_1_217' title='bbox 1091 1978 1124 2012; x_wconf 91' lang='grc' dir='ltr'><em>ΙΙ</em></span> <span class='ocrx_word' id='word_1_218' title='bbox 1145 1982 1188 2012; x_wconf 84' lang='grc'><em>87</em></span> <span class='ocrx_word' id='word_1_219' title='bbox 1204 1977 1315 2012; x_wconf 82' lang='lat' dir='ltr'><em>Kritz.</em></span> <span class='ocrx_word' id='word_1_220' title='bbox 1336 1979 1348 2020; x_wconf 81' lang='grc' dir='ltr'><strong>Η</strong></span> <span class='ocrx_word' id='word_1_221' title='bbox 1368 1981 1387 2011; x_wconf 87' lang='grc'>9</span> <span class='ocrx_word' id='word_1_222' title='bbox 1409 1976 1610 2021; x_wconf 86' lang='lat' dir='ltr'><em>Vergilius]</em></span> <span class='ocrx_word' id='word_1_223' title='bbox 1637 1987 1761 2020; x_wconf 81' lang='lat' dir='ltr'><em>georg.</em></span> <span class='ocrx_word' id='word_1_224' title='bbox 1783 1976 1831 2010; x_wconf 93' lang='lat' dir='ltr'><em>IV</em></span> <span class='ocrx_word' id='word_1_225' title='bbox 1852 1980 1919 2009; x_wconf 81' lang='lat'><em>445</em></span> <span class='ocrx_word' id='word_1_226' title='bbox 1939 1977 1951 2020; x_wconf 88' lang='grc' dir='ltr'><em>ΙΙ</em></span> <span class='ocrx_word' id='word_1_227' title='bbox 1972 1979 2013 2010; x_wconf 82' lang='lat'><em>15</em></span> <span class='ocrx_word' id='word_1_228' title='bbox 2034 1976 2140 2010; x_wconf 90' lang='lat' dir='ltr'><em>Plau-</em></span> 
     </span>
     <span class='ocr_line' id='line_1_30' title="bbox 446 2023 1833 2072; baseline -0.003 -11"><span class='ocrx_word' id='word_1_229' title='bbox 446 2027 520 2072; x_wconf 87' lang='lat' dir='ltr'><em>tus]</em></span> <span class='ocrx_word' id='word_1_230' title='bbox 549 2027 654 2071; x_wconf 85' lang='lat' dir='ltr'><em>Epid.</em></span> <span class='ocrx_word' id='word_1_231' title='bbox 682 2028 731 2060; x_wconf 83' lang='grc' dir='ltr'><em>ΙΙΙ</em></span> <span class='ocrx_word' id='word_1_232' title='bbox 758 2031 790 2069; x_wconf 75' lang='lat'><em>2,</em></span> <span class='ocrx_word' id='word_1_233' title='bbox 812 2031 856 2060; x_wconf 83' lang='lat'><em>35</em></span> <span class='ocrx_word' id='word_1_234' title='bbox 876 2028 888 2071; x_wconf 80' lang='grc' dir='ltr'><em>ΙΙ</em></span> <span class='ocrx_word' id='word_1_235' title='bbox 914 2030 956 2060; x_wconf 82' lang='grc'>16</span> <span class='ocrx_word' id='word_1_236' title='bbox 982 2025 1138 2070; x_wconf 86' lang='lat' dir='ltr'><em>Ennius]</em></span> <span class='ocrx_word' id='word_1_237' title='bbox 1166 2037 1200 2070; x_wconf 87' lang='lat' dir='ltr'><em>p.</em></span> <span class='ocrx_word' id='word_1_238' title='bbox 1225 2029 1264 2059; x_wconf 81' lang='lat'><em>71</em></span> <span class='ocrx_word' id='word_1_239' title='bbox 1293 2024 1400 2058; x_wconf 87' lang='lat' dir='ltr'><em>Ribb.</em></span> <span class='ocrx_word' id='word_1_240' title='bbox 1429 2024 1484 2058; x_wconf 89' lang='lat' dir='ltr'><em>ed.</em></span> <span class='ocrx_word' id='word_1_241' title='bbox 1513 2024 1554 2057; x_wconf 90' lang='lat' dir='ltr'><em>II.</em></span> <span class='ocrx_word' id='word_1_242' title='bbox 1581 2035 1616 2067; x_wconf 89' lang='lat' dir='ltr'><em>p.</em></span> <span class='ocrx_word' id='word_1_243' title='bbox 1640 2027 1703 2057; x_wconf 90' lang='lat'><em>111</em></span> <span class='ocrx_word' id='word_1_244' title='bbox 1725 2023 1833 2058; x_wconf 88' lang='lat' dir='ltr'><em>Vahl.</em></span> 
     </span>
    </p>
   </div>
   <div class='ocr_carea' id='block_1_8' title="bbox 446 2163 2143 2448">
    <p class='ocr_par' dir='ltr' id='par_1_13' title="bbox 446 2163 2143 2448">
     <span class='ocr_line' id='line_1_31' title="bbox 545 2163 2141 2209; baseline -0.003 -7"><span class='ocrx_word' id='word_1_245' title='bbox 545 2173 561 2202; x_wconf 92' lang='lat'>1</span> <span class='ocrx_word' id='word_1_246' title='bbox 589 2181 633 2202; x_wconf 74' lang='lat' dir='ltr'><em>vr</em></span> <span class='ocrx_word' id='word_1_247' title='bbox 662 2181 837 2202; x_wconf 69' lang='lat' dir='ltr'><em>srnvmzsr</em></span> <span class='ocrx_word' id='word_1_248' title='bbox 864 2168 924 2201; x_wconf 90' lang='lat' dir='ltr'><em>uel</em></span> <span class='ocrx_word' id='word_1_249' title='bbox 950 2168 1132 2202; x_wconf 85' lang='lat' dir='ltr'><em>astrueret</em></span> <span class='ocrx_word' id='word_1_250' title='bbox 1156 2166 1217 2200; x_wconf 87' lang='lat' dir='ltr'><em>uel</em></span> <span class='ocrx_word' id='word_1_251' title='bbox 1247 2165 1434 2201; x_wconf 86' lang='lat' dir='ltr'><em>incoatum</em></span> <span class='ocrx_word' id='word_1_252' title='bbox 1461 2176 1482 2199; x_wconf 89' lang='lat' dir='ltr'><em>a</em></span> <span class='ocrx_word' id='word_1_253' title='bbox 1508 2164 1626 2209; x_wconf 85' lang='lat' dir='ltr'><em>grecis</em></span> <span class='ocrx_word' id='word_1_254' title='bbox 1662 2163 1855 2208; x_wconf 86' lang='lat' dir='ltr'><em>perficeret</em></span> <span class='ocrx_word' id='word_1_255' title='bbox 1879 2164 1948 2198; x_wconf 87' lang='lat' dir='ltr'><em>hoc</em></span> <span class='ocrx_word' id='word_1_256' title='bbox 1975 2165 2031 2198; x_wconf 86' lang='lat' dir='ltr'><em>est</em></span> <span class='ocrx_word' id='word_1_257' title='bbox 2057 2175 2141 2198; x_wconf 89' lang='lat' dir='ltr'><em>con-</em></span> 
     </span>
     <span class='ocr_line' id='line_1_32' title="bbox 448 2210 2142 2259; baseline -0.002 -10"><span class='ocrx_word' id='word_1_258' title='bbox 448 2216 612 2249; x_wconf 84' lang='lat' dir='ltr'><em>firmaret</em></span> <span class='ocrx_word' id='word_1_259' title='bbox 637 2216 804 2259; x_wconf 83' lang='lat' dir='ltr'><em>preiacta</em></span> <span class='ocrx_word' id='word_1_260' title='bbox 824 2215 991 2249; x_wconf 85' lang='lat' dir='ltr'><em>dolorum</em></span> <span class='ocrx_word' id='word_1_261' title='bbox 1012 2214 1152 2248; x_wconf 88' lang='lat' dir='ltr'><em>semina</em></span> <span class='ocrx_word' id='word_1_262' title='bbox 1171 2213 1269 2257; x_wconf 87' lang='lat' dir='ltr'><em>quod</em></span> <span class='ocrx_word' id='word_1_263' title='bbox 1293 2213 1373 2257; x_wconf 88' lang='lat' dir='ltr'><em>ipse</em></span> <span class='ocrx_word' id='word_1_264' title='bbox 1401 2212 1569 2256; x_wconf 78' lang='lat' dir='ltr'><em>exposuit</em></span> <span class='ocrx_word' id='word_1_265' title='bbox 1594 2211 1801 2254; x_wconf 86' lang='lat' dir='ltr'><em>troiamque</em></span> <span class='ocrx_word' id='word_1_266' title='bbox 1828 2211 1990 2255; x_wconf 88' lang='lat' dir='ltr'><em>aperiret</em></span> <span class='ocrx_word' id='word_1_267' title='bbox 2016 2210 2142 2245; x_wconf 87' lang='lat' dir='ltr'><em>achius</em></span> 
     </span>
     <span class='ocr_line' id='line_1_33' title="bbox 447 2258 2140 2305; baseline -0.003 -9"><span class='ocrx_word' id='word_1_268' title='bbox 447 2262 602 2305; x_wconf 88' lang='lat' dir='ltr'><em>(achiuis</em></span> <span class='ocrx_word' id='word_1_269' title='bbox 630 2262 698 2305; x_wconf 70' lang='lat'>0⁴2).</span> <span class='ocrx_word' id='word_1_270' title='bbox 751 2263 908 2296; x_wconf 90' lang='lat' dir='ltr'><em>strueret</em></span> <span class='ocrx_word' id='word_1_271' title='bbox 934 2262 1057 2295; x_wconf 88' lang='lat' dir='ltr'><em>autem</em></span> <span class='ocrx_word' id='word_1_272' title='bbox 1083 2260 1245 2305; x_wconf 85' lang='lat' dir='ltr'><em>respexit</em></span> <span class='ocrx_word' id='word_1_273' title='bbox 1270 2260 1317 2294; x_wconf 83' lang='lat' dir='ltr'><em>ad</em></span> <span class='ocrx_word' id='word_1_274' title='bbox 1343 2260 1530 2304; x_wconf 79' lang='lat' dir='ltr'><em>superiora</em></span> <span class='ocrx_word' id='word_1_275' title='bbox 1555 2260 1597 2292; x_wconf 86' lang='lat' dir='ltr'><em>ut</em></span> <span class='ocrx_word' id='word_1_276' title='bbox 1627 2258 1823 2292; x_wconf 85' lang='lat' dir='ltr'><em>aedificant</em></span> <span class='ocrx_word' id='word_1_277' title='bbox 1850 2258 1879 2291; x_wconf 83' lang='lat' dir='ltr'><strong><em>C</em></strong></span> <span class='ocrx_word' id='word_1_278' title='bbox 1904 2259 1916 2301; x_wconf 77' lang='grc' dir='ltr'><em>ΙΙ</em></span> <span class='ocrx_word' id='word_1_279' title='bbox 1947 2259 1988 2292; x_wconf 89' lang='lat' dir='ltr'><em>ut</em></span> <span class='ocrx_word' id='word_1_280' title='bbox 2013 2258 2140 2292; x_wconf 86' lang='lat' dir='ltr'><em>confir-</em></span> 
     </span>
     <span class='ocr_line' id='line_1_34' title="bbox 446 2304 2143 2351; baseline -0.002 -9"><span class='ocrx_word' id='word_1_281' title='bbox 446 2311 566 2344; x_wconf 90' lang='lat' dir='ltr'><em>maret</em></span> <span class='ocrx_word' id='word_1_282' title='bbox 590 2309 634 2342; x_wconf 88' lang='grc' dir='ltr'><strong><em>Η</em></strong></span> <span class='ocrx_word' id='word_1_283' title='bbox 668 2310 902 2343; x_wconf 81' lang='lat' dir='ltr'><em>confirmaret</em></span> <span class='ocrx_word' id='word_1_284' title='bbox 920 2309 1010 2342; x_wconf 83' lang='lat' dir='ltr'><em>LM</em></span> <span class='ocrx_word' id='word_1_285' title='bbox 1016 2308 1054 2341; x_wconf 85' lang='lat' dir='ltr'><em>E</em></span> <span class='ocrx_word' id='word_1_286' title='bbox 1071 2308 1083 2351; x_wconf 79' lang='grc' dir='ltr'><em>ΙῙ</em></span> <span class='ocrx_word' id='word_1_287' title='bbox 1102 2307 1291 2351; x_wconf 84' lang='lat' dir='ltr'><em>praeiacta</em></span> <span class='ocrx_word' id='word_1_288' title='bbox 1313 2307 1400 2341; x_wconf 85' lang='lat' dir='ltr'><em>GP:</em></span> <span class='ocrx_word' id='word_1_289' title='bbox 1426 2306 1586 2350; x_wconf 89' lang='lat' dir='ltr'><em>periuria</em></span> <span class='ocrx_word' id='word_1_290' title='bbox 1612 2306 1649 2339; x_wconf 88' lang='lat' dir='ltr'><em>et</em></span> <span class='ocrx_word' id='word_1_291' title='bbox 1668 2305 1754 2338; x_wconf 83' lang='lat' dir='ltr'><em>LH</em></span> <span class='ocrx_word' id='word_1_292' title='bbox 1758 2305 1807 2338; x_wconf 87' lang='lat' dir='ltr'><em>M</em></span> <span class='ocrx_word' id='word_1_293' title='bbox 1813 2305 1852 2338; x_wconf 88' lang='lat' dir='ltr'><em>E</em></span> <span class='ocrx_word' id='word_1_294' title='bbox 1868 2306 1880 2349; x_wconf 83' lang='grc' dir='ltr'><em>ΙΙ</em></span> <span class='ocrx_word' id='word_1_295' title='bbox 1899 2309 1918 2338; x_wconf 78' lang='lat'><strong>2</strong></span> <span class='ocrx_word' id='word_1_296' title='bbox 1946 2304 2143 2340; x_wconf 87' lang='lat' dir='ltr'><em>aedificant</em></span> 
     </span>
     <span class='ocr_line' id='line_1_35' title="bbox 449 2351 2142 2399; baseline -0.004 -9"><span class='ocrx_word' id='word_1_297' title='bbox 449 2356 492 2391; x_wconf 83' lang='lat' dir='ltr'><em>G:</em></span> <span class='ocrx_word' id='word_1_298' title='bbox 528 2356 741 2390; x_wconf 82' lang='lat' dir='ltr'><em>aedificaret</em></span> <span class='ocrx_word' id='word_1_299' title='bbox 766 2356 845 2389; x_wconf 89' lang='lat' dir='ltr'><em>LH</em></span> <span class='ocrx_word' id='word_1_300' title='bbox 857 2356 947 2389; x_wconf 82' lang='lat' dir='ltr'><em>ME</em></span> <span class='ocrx_word' id='word_1_301' title='bbox 981 2356 993 2399; x_wconf 78' lang='grc'>11</span> <span class='ocrx_word' id='word_1_302' title='bbox 1031 2358 1050 2388; x_wconf 82' lang='lat'>5</span> <span class='ocrx_word' id='word_1_303' title='bbox 1078 2356 1126 2389; x_wconf 76' lang='lat' dir='ltr'><em>act</em></span> <span class='ocrx_word' id='word_1_304' title='bbox 1150 2366 1181 2388; x_wconf 75' lang='lat' dir='ltr'><em>v.</em></span> <span class='ocrx_word' id='word_1_305' title='bbox 1210 2359 1251 2389; x_wconf 87' lang='grc'><em>61</em></span> <span class='ocrx_word' id='word_1_306' title='bbox 1288 2353 1419 2388; x_wconf 77' lang='lat' dir='ltr'><em>Fidens</em></span> <span class='ocrx_word' id='word_1_307' title='bbox 1452 2352 1583 2397; x_wconf 84' lang='lat' dir='ltr'><em>animi]</em></span> <span class='ocrx_word' id='word_1_308' title='bbox 1620 2352 1756 2386; x_wconf 83' lang='lat' dir='ltr'><em>desinit</em></span> <span class='ocrx_word' id='word_1_309' title='bbox 1786 2362 1862 2386; x_wconf 86' lang='lat' dir='ltr'><em>esse</em></span> <span class='ocrx_word' id='word_1_310' title='bbox 1894 2351 2142 2396; x_wconf 87' lang='lat' dir='ltr'><em>participium,</em></span> 
     </span>
     <span class='ocr_line' id='line_1_36' title="bbox 447 2397 2143 2448; baseline -0.004 -11"><span class='ocrx_word' id='word_1_311' title='bbox 447 2403 534 2446; x_wconf 86' lang='lat' dir='ltr'><em>quia</em></span> <span class='ocrx_word' id='word_1_312' title='bbox 559 2405 680 2447; x_wconf 84' lang='lat' dir='ltr'><em>(quae)</em></span> <span class='ocrx_word' id='word_1_313' title='bbox 707 2402 880 2448; x_wconf 85' lang='lat' dir='ltr'><em>genetiuo</em></span> <span class='ocrx_word' id='word_1_314' title='bbox 907 2402 1090 2436; x_wconf 86' lang='lat' dir='ltr'><em>cohaeret.</em></span> <span class='ocrx_word' id='word_1_315' title='bbox 1142 2413 1227 2436; x_wconf 84' lang='lat' dir='ltr'><em>sanc</em></span> <span class='ocrx_word' id='word_1_316' title='bbox 1254 2402 1397 2435; x_wconf 85' lang='lat' dir='ltr'><em>ueteres</em></span> <span class='ocrx_word' id='word_1_317' title='bbox 1423 2400 1595 2434; x_wconf 86' lang='lat' dir='ltr'><em>fiduciam</em></span> <span class='ocrx_word' id='word_1_318' title='bbox 1628 2399 1811 2433; x_wconf 85' lang='lat' dir='ltr'><em>interdum</em></span> <span class='ocrx_word' id='word_1_319' title='bbox 1836 2410 1902 2442; x_wconf 86' lang='lat' dir='ltr'><em>pro</em></span> <span class='ocrx_word' id='word_1_320' title='bbox 1930 2397 2080 2433; x_wconf 88' lang='lat' dir='ltr'><em>crimine</em></span> <span class='ocrx_word' id='word_1_321' title='bbox 2106 2399 2143 2432; x_wconf 86' lang='lat' dir='ltr'><em>et</em></span> 
     </span>
    </p>
   </div>
   <div class='ocr_carea' id='block_1_9' title="bbox 448 2445 2204 2494">
    <p class='ocr_par' dir='ltr' id='par_1_14' title="bbox 448 2445 2204 2494">
     <span class='ocr_line' id='line_1_37' title="bbox 448 2445 2204 2494; baseline -0.003 -10"><span class='ocrx_word' id='word_1_322' title='bbox 448 2451 603 2484; x_wconf 82' lang='lat' dir='ltr'><em>audacia</em></span> <span class='ocrx_word' id='word_1_323' title='bbox 638 2450 842 2494; x_wconf 82' lang='lat' dir='ltr'><em>ponebant,</em></span> <span class='ocrx_word' id='word_1_324' title='bbox 878 2450 920 2483; x_wconf 89' lang='lat' dir='ltr'><em>ut</em></span> <span class='ocrx_word' id='word_1_325' title='bbox 949 2448 1099 2493; x_wconf 84' lang='lat' dir='ltr'><em>psallita</em></span> <span class='ocrx_word' id='word_1_326' title='bbox 1129 2447 1262 2482; x_wconf 85' lang='lat' dir='ltr'><em>fiducia</em></span> <span class='ocrx_word' id='word_1_327' title='bbox 1294 2459 1404 2491; x_wconf 87' lang='lat' dir='ltr'><em>quam</em></span> <span class='ocrx_word' id='word_1_328' title='bbox 1436 2446 1618 2491; x_wconf 84' lang='lat' dir='ltr'><em>ergenteis</em></span> <span class='ocrx_word' id='word_1_329' title='bbox 1650 2446 1869 2490; x_wconf 69' lang='lat' dir='ltr'><em>purgatores</em></span> <span class='ocrx_word' id='word_1_330' title='bbox 1903 2445 2074 2480; x_wconf 85' lang='lat' dir='ltr'><em>dicuntur</em></span> <span class='ocrx_word' id='word_1_331' title='bbox 2106 2446 2143 2479; x_wconf 91' lang='lat' dir='ltr'><em>et</em></span> <span class='ocrx_word' id='word_1_332' title='bbox 2198 2464 2204 2467; x_wconf 99' lang='lat'>-</span> 
     </span>
    </p>
   </div>
   <div class='ocr_carea' id='block_1_10' title="bbox 443 2491 2144 3151">
    <p class='ocr_par' dir='ltr' id='par_1_15' title="bbox 443 2491 2144 3151">
     <span class='ocr_line' id='line_1_38' title="bbox 447 2491 2140 2542; baseline -0.004 -11"><span class='ocrx_word' id='word_1_333' title='bbox 447 2497 627 2542; x_wconf 83' lang='lat' dir='ltr'><em>Virgilius</em></span> <span class='ocrx_word' id='word_1_334' title='bbox 662 2497 761 2531; x_wconf 73' lang='lat' dir='ltr'><em>‘nam</em></span> <span class='ocrx_word' id='word_1_335' title='bbox 789 2496 868 2540; x_wconf 87' lang='lat' dir='ltr'><em>quis</em></span> <span class='ocrx_word' id='word_1_336' title='bbox 893 2498 930 2530; x_wconf 87' lang='lat' dir='ltr'><em>te</em></span> <span class='ocrx_word' id='word_1_337' title='bbox 956 2497 1129 2529; x_wconf 86' lang='lat' dir='ltr'><em>iuuenum</em></span> <span class='ocrx_word' id='word_1_338' title='bbox 1157 2494 1504 2529; x_wconf 52' lang='lat' dir='ltr'><em>confidentissime?</em></span> <span class='ocrx_word' id='word_1_339' title='bbox 1536 2494 1572 2527; x_wconf 90' lang='lat' dir='ltr'><em>P</em></span> <span class='ocrx_word' id='word_1_340' title='bbox 1599 2494 1611 2537; x_wconf 85' lang='grc' dir='ltr'><em>ΙΙ</em></span> <span class='ocrx_word' id='word_1_341' title='bbox 1649 2498 1668 2528; x_wconf 86' lang='grc'>6</span> <span class='ocrx_word' id='word_1_342' title='bbox 1695 2504 1781 2527; x_wconf 88' lang='lat' dir='ltr'><em>nam</em></span> <span class='ocrx_word' id='word_1_343' title='bbox 1807 2492 1917 2526; x_wconf 88' lang='lat' dir='ltr'><em>desiit</em></span> <span class='ocrx_word' id='word_1_344' title='bbox 1944 2491 1974 2526; x_wconf 82' lang='lat' dir='ltr'><strong><em>G</em></strong></span> <span class='ocrx_word' id='word_1_345' title='bbox 1996 2493 2008 2537; x_wconf 76' lang='grc' dir='ltr'><strong>Η</strong></span> <span class='ocrx_word' id='word_1_346' title='bbox 2040 2491 2140 2536; x_wconf 86' lang='lat' dir='ltr'><em>quia]</em></span> 
     </span>
     <span class='ocr_line' id='line_1_39' title="bbox 447 2539 2140 2588; baseline -0.003 -11"><span class='ocrx_word' id='word_1_347' title='bbox 447 2556 520 2588; x_wconf 86' lang='lat' dir='ltr'><em>qua</em></span> <span class='ocrx_word' id='word_1_348' title='bbox 545 2544 588 2577; x_wconf 87' lang='grc' dir='ltr'>Η</span> <span class='ocrx_word' id='word_1_349' title='bbox 604 2546 615 2587; x_wconf 81' lang='grc' dir='ltr'><strong>Η</strong></span> <span class='ocrx_word' id='word_1_350' title='bbox 645 2549 662 2578; x_wconf 81' lang='grc'><strong>7</strong></span> <span class='ocrx_word' id='word_1_351' title='bbox 691 2543 1006 2587; x_wconf 78' lang='lat' dir='ltr'><em>conparationem]</em></span> <span class='ocrx_word' id='word_1_352' title='bbox 1034 2542 1271 2585; x_wconf 82' lang='lat' dir='ltr'><em>participium</em></span> <span class='ocrx_word' id='word_1_353' title='bbox 1299 2542 1395 2576; x_wconf 88' lang='lat' dir='ltr'><em>enim</em></span> <span class='ocrx_word' id='word_1_354' title='bbox 1422 2543 1458 2575; x_wconf 87' lang='lat' dir='ltr'><em>et</em></span> <span class='ocrx_word' id='word_1_355' title='bbox 1484 2540 1695 2575; x_wconf 85' lang='lat' dir='ltr'><em>accusatiuo</em></span> <span class='ocrx_word' id='word_1_356' title='bbox 1723 2540 1869 2573; x_wconf 83' lang='lat' dir='ltr'><em>coheret</em></span> <span class='ocrx_word' id='word_1_357' title='bbox 1895 2539 2059 2583; x_wconf 84' lang='lat' dir='ltr'><em>(coheret</em></span> <span class='ocrx_word' id='word_1_358' title='bbox 2083 2550 2140 2573; x_wconf 87' lang='lat' dir='ltr'><em>ac-</em></span> 
     </span>
     <span class='ocr_line' id='line_1_40' title="bbox 448 2585 2139 2634; baseline -0.004 -8"><span class='ocrx_word' id='word_1_359' title='bbox 448 2591 613 2626; x_wconf 83' lang='lat' dir='ltr'><em>cusatiuo</em></span> <span class='ocrx_word' id='word_1_360' title='bbox 641 2592 666 2634; x_wconf 81' lang='lat' dir='ltr'><em>l)</em></span> <span class='ocrx_word' id='word_1_361' title='bbox 700 2592 737 2624; x_wconf 87' lang='lat' dir='ltr'><em>et</em></span> <span class='ocrx_word' id='word_1_362' title='bbox 768 2602 840 2624; x_wconf 90' lang='lat' dir='ltr'><em>non</em></span> <span class='ocrx_word' id='word_1_363' title='bbox 874 2589 1006 2633; x_wconf 83' lang='lat' dir='ltr'><em>recipit</em></span> <span class='ocrx_word' id='word_1_364' title='bbox 1038 2589 1351 2632; x_wconf 73' lang='lat' dir='ltr'><em>comparationem</em></span> <span class='ocrx_word' id='word_1_365' title='bbox 1385 2589 1467 2623; x_wconf 76' lang='lat' dir='ltr'><em>add.</em></span> <span class='ocrx_word' id='word_1_366' title='bbox 1498 2588 1544 2621; x_wconf 84' lang='lat' dir='ltr'><em>M</em></span> <span class='ocrx_word' id='word_1_367' title='bbox 1568 2591 1599 2621; x_wconf 86' lang='lat' dir='ltr'><em>et</em></span> <span class='ocrx_word' id='word_1_368' title='bbox 1632 2588 1661 2621; x_wconf 78' lang='lat' dir='ltr'><em>le</em></span> <span class='ocrx_word' id='word_1_369' title='bbox 1692 2588 1733 2621; x_wconf 80' lang='lat' dir='ltr'><em>in</em></span> <span class='ocrx_word' id='word_1_370' title='bbox 1764 2597 1877 2630; x_wconf 61' lang='lat' dir='ltr'><em>mara.</em></span> <span class='ocrx_word' id='word_1_371' title='bbox 1916 2587 1959 2628; x_wconf 82' lang='lat' dir='ltr'><em>ef.</em></span> <span class='ocrx_word' id='word_1_372' title='bbox 1989 2585 2139 2631; x_wconf 77' lang='lat' dir='ltr'><em>[Seryii]</em></span> 
     </span>
     <span class='ocr_line' id='line_1_41' title="bbox 448 2633 2141 2682; baseline -0.004 -10"><span class='ocrx_word' id='word_1_373' title='bbox 448 2639 632 2682; x_wconf 63' lang='lat' dir='ltr'><em>emplanat.</em></span> <span class='ocrx_word' id='word_1_374' title='bbox 658 2638 700 2671; x_wconf 77' lang='lat' dir='ltr'><em>in</em></span> <span class='ocrx_word' id='word_1_375' title='bbox 725 2638 821 2671; x_wconf 84' lang='lat' dir='ltr'><em>Don.</em></span> <span class='ocrx_word' id='word_1_376' title='bbox 846 2648 881 2679; x_wconf 74' lang='lat' dir='ltr'><em>p.</em></span> <span class='ocrx_word' id='word_1_377' title='bbox 911 2641 989 2679; x_wconf 79' lang='lat'>514,</span> <span class='ocrx_word' id='word_1_378' title='bbox 1016 2640 1059 2669; x_wconf 81' lang='lat'><em>38</em></span> <span class='ocrx_word' id='word_1_379' title='bbox 1087 2637 1133 2669; x_wconf 77' lang='lat' dir='ltr'><em>K.</em></span> <span class='ocrx_word' id='word_1_380' title='bbox 1162 2637 1173 2679; x_wconf 87' lang='grc' dir='ltr'><em>ΙΙ</em></span> <span class='ocrx_word' id='word_1_381' title='bbox 1205 2639 1224 2669; x_wconf 83' lang='grc'>8</span> <span class='ocrx_word' id='word_1_382' title='bbox 1253 2635 1464 2680; x_wconf 77' lang='lat' dir='ltr'><em>Sallustius]</em></span> <span class='ocrx_word' id='word_1_383' title='bbox 1492 2634 1545 2668; x_wconf 76' lang='lat' dir='ltr'><em>sat,</em></span> <span class='ocrx_word' id='word_1_384' title='bbox 1572 2634 1602 2668; x_wconf 81' lang='lat' dir='ltr'><em>O</em></span> <span class='ocrx_word' id='word_1_385' title='bbox 1623 2636 1634 2678; x_wconf 83' lang='grc' dir='ltr'>Η</span> <span class='ocrx_word' id='word_1_386' title='bbox 1663 2633 1888 2678; x_wconf 83' lang='lat' dir='ltr'><em>argumentis</em></span> <span class='ocrx_word' id='word_1_387' title='bbox 1915 2633 2085 2667; x_wconf 83' lang='lat' dir='ltr'><em>Donatus</em></span> <span class='ocrx_word' id='word_1_388' title='bbox 2110 2637 2141 2667; x_wconf 88' lang='lat' dir='ltr'><em>et</em></span> 
     </span>
     <span class='ocr_line' id='line_1_42' title="bbox 446 2679 2141 2728; baseline -0.004 -9"><span class='ocrx_word' id='word_1_389' title='bbox 446 2686 612 2719; x_wconf 82' lang='lat' dir='ltr'><em>Nonius:</em></span> <span class='ocrx_word' id='word_1_390' title='bbox 638 2685 800 2728; x_wconf 86' lang='lat' dir='ltr'><em>argentis</em></span> <span class='ocrx_word' id='word_1_391' title='bbox 830 2683 859 2717; x_wconf 81' lang='lat' dir='ltr'><em>G</em></span> <span class='ocrx_word' id='word_1_392' title='bbox 874 2685 885 2727; x_wconf 80' lang='grc' dir='ltr'><em>ΙΙ</em></span> <span class='ocrx_word' id='word_1_393' title='bbox 906 2688 924 2717; x_wconf 81' lang='grc'>9</span> <span class='ocrx_word' id='word_1_394' title='bbox 952 2683 1182 2727; x_wconf 85' lang='lat' dir='ltr'><em>purgatiores</em></span> <span class='ocrx_word' id='word_1_395' title='bbox 1205 2683 1266 2716; x_wconf 71' lang='lat'><em>02:</em></span> <span class='ocrx_word' id='word_1_396' title='bbox 1292 2682 1543 2726; x_wconf 85' lang='lat' dir='ltr'><em>purgatiorem</em></span> <span class='ocrx_word' id='word_1_397' title='bbox 1565 2681 1595 2715; x_wconf 81' lang='lat' dir='ltr'><em>O</em></span> <span class='ocrx_word' id='word_1_398' title='bbox 1612 2682 1623 2725; x_wconf 86' lang='grc' dir='ltr'><em>ΙΙ</em></span> <span class='ocrx_word' id='word_1_399' title='bbox 1642 2680 1887 2715; x_wconf 81' lang='lat' dir='ltr'><em>demittuntur</em></span> <span class='ocrx_word' id='word_1_400' title='bbox 1914 2679 1944 2714; x_wconf 79' lang='lat' dir='ltr'><em>G</em></span> <span class='ocrx_word' id='word_1_401' title='bbox 1958 2681 1970 2724; x_wconf 87' lang='grc' dir='ltr'><em>ΙΙ</em></span> <span class='ocrx_word' id='word_1_402' title='bbox 1991 2683 2033 2713; x_wconf 90' lang='grc'><em>10</em></span> <span class='ocrx_word' id='word_1_403' title='bbox 2060 2679 2141 2723; x_wconf 87' lang='lat' dir='ltr'><em>quis</em></span> 
     </span>
     <span class='ocr_line' id='line_1_43' title="bbox 448 2727 2140 2777; baseline -0.004 -11"><span class='ocrx_word' id='word_1_404' title='bbox 448 2732 501 2777; x_wconf 87' lang='lat' dir='ltr'><em>te]</em></span> <span class='ocrx_word' id='word_1_405' title='bbox 538 2731 600 2775; x_wconf 83' lang='lat' dir='ltr'><em>qui</em></span> <span class='ocrx_word' id='word_1_406' title='bbox 626 2732 693 2765; x_wconf 85' lang='lat' dir='ltr'><em>iste</em></span> <span class='ocrx_word' id='word_1_407' title='bbox 722 2730 751 2765; x_wconf 84' lang='lat' dir='ltr'><em>C</em></span> <span class='ocrx_word' id='word_1_408' title='bbox 778 2732 790 2775; x_wconf 81' lang='grc'>11</span> <span class='ocrx_word' id='word_1_409' title='bbox 824 2735 863 2764; x_wconf 96' lang='grc'><em>11</em></span> <span class='ocrx_word' id='word_1_410' title='bbox 892 2729 983 2764; x_wconf 87' lang='lat' dir='ltr'><em>alibi</em></span> <span class='ocrx_word' id='word_1_411' title='bbox 1009 2732 1137 2763; x_wconf 85' lang='lat' dir='ltr'><em>contra</em></span> <span class='ocrx_word' id='word_1_412' title='bbox 1162 2730 1204 2763; x_wconf 90' lang='lat' dir='ltr'><em>ut</em></span> <span class='ocrx_word' id='word_1_413' title='bbox 1229 2741 1340 2773; x_wconf 79' lang='lat' dir='ltr'><em>supra</em></span> <span class='ocrx_word' id='word_1_414' title='bbox 1366 2729 1504 2763; x_wconf 68' lang='lat' dir='ltr'><em>(lictum</em></span> <span class='ocrx_word' id='word_1_415' title='bbox 1531 2730 1587 2762; x_wconf 86' lang='lat' dir='ltr'><em>est</em></span> <span class='ocrx_word' id='word_1_416' title='bbox 1614 2727 1644 2762; x_wconf 74' lang='lat' dir='ltr'><em>(J</em></span> <span class='ocrx_word' id='word_1_417' title='bbox 1671 2729 1682 2772; x_wconf 75' lang='lat' dir='ltr'><em>{l</em></span> <span class='ocrx_word' id='word_1_418' title='bbox 1715 2732 1756 2761; x_wconf 84' lang='lat'><em>13</em></span> <span class='ocrx_word' id='word_1_419' title='bbox 1785 2727 1832 2761; x_wconf 81' lang='lat' dir='ltr'><em>ad</em></span> <span class='ocrx_word' id='word_1_420' title='bbox 1857 2738 1887 2761; x_wconf 71' lang='grc' dir='ltr'><em>υ,</em></span> <span class='ocrx_word' id='word_1_421' title='bbox 1916 2731 1958 2761; x_wconf 81' lang='grc'><em>62</em></span> <span class='ocrx_word' id='word_1_422' title='bbox 1985 2727 2140 2761; x_wconf 84' lang='lat' dir='ltr'><em>Versare</em></span> 
     </span>
     <span class='ocr_line' id='line_1_44' title="bbox 448 2773 2141 2823; baseline -0.004 -10"><span class='ocrx_word' id='word_1_423' title='bbox 448 2779 550 2823; x_wconf 85' lang='lat' dir='ltr'><em>dolo]</em></span> <span class='ocrx_word' id='word_1_424' title='bbox 579 2779 663 2813; x_wconf 88' lang='lat' dir='ltr'><em>dolo</em></span> <span class='ocrx_word' id='word_1_425' title='bbox 689 2780 852 2812; x_wconf 85' lang='lat' dir='ltr'><em>euertere</em></span> <span class='ocrx_word' id='word_1_426' title='bbox 880 2804 886 2809; x_wconf 96' lang='lat'>.</span> <span class='ocrx_word' id='word_1_427' title='bbox 915 2804 920 2809; x_wconf 94' lang='lat'>.</span> <span class='ocrx_word' id='word_1_428' title='bbox 950 2806 956 2811; x_wconf 88' lang='lat'><em>.</em></span> <span class='ocrx_word' id='word_1_429' title='bbox 985 2776 1106 2820; x_wconf 86' lang='lat' dir='ltr'><em>poscit</em></span> <span class='ocrx_word' id='word_1_430' title='bbox 1130 2775 1251 2810; x_wconf 86' lang='lat' dir='ltr'><em>uertit.</em></span> <span class='ocrx_word' id='word_1_431' title='bbox 1283 2777 1317 2809; x_wconf 70' lang='grc' dir='ltr'><em>Ι)</em></span> <span class='ocrx_word' id='word_1_432' title='bbox 1340 2777 1352 2820; x_wconf 81' lang='grc' dir='ltr'><em>ΙΙ</em></span> <span class='ocrx_word' id='word_1_433' title='bbox 1378 2788 1487 2810; x_wconf 64' lang='lat' dir='ltr'><em>nonos</em></span> <span class='ocrx_word' id='word_1_434' title='bbox 1514 2774 1557 2808; x_wconf 88' lang='lat' dir='ltr'><em>H</em></span> <span class='ocrx_word' id='word_1_435' title='bbox 1577 2776 1589 2819; x_wconf 79' lang='grc' dir='ltr'><em>ΙΙ</em></span> <span class='ocrx_word' id='word_1_436' title='bbox 1614 2776 1757 2808; x_wconf 88' lang='lat' dir='ltr'><em>uertere</em></span> <span class='ocrx_word' id='word_1_437' title='bbox 1784 2774 1816 2807; x_wconf 79' lang='lat' dir='ltr'><em>L</em></span> <span class='ocrx_word' id='word_1_438' title='bbox 1841 2775 1852 2817; x_wconf 92' lang='grc' dir='ltr'><em>ΙΙ</em></span> <span class='ocrx_word' id='word_1_439' title='bbox 1887 2777 1928 2807; x_wconf 78' lang='grc'>14</span> <span class='ocrx_word' id='word_1_440' title='bbox 1954 2773 2052 2817; x_wconf 85' lang='lat' dir='ltr'><em>quod</em></span> <span class='ocrx_word' id='word_1_441' title='bbox 2079 2773 2141 2807; x_wconf 76' lang='lat'><em>02.-</em></span> 
     </span>
     <span class='ocr_line' id='line_1_45' title="bbox 449 2818 2144 2870; baseline -0.004 -11"><span class='ocrx_word' id='word_1_442' title='bbox 449 2826 535 2869; x_wconf 83' lang='lat' dir='ltr'><em>quid</em></span> <span class='ocrx_word' id='word_1_443' title='bbox 563 2826 592 2859; x_wconf 73' lang='lat' dir='ltr'><em>(J</em></span> <span class='ocrx_word' id='word_1_444' title='bbox 620 2827 632 2870; x_wconf 67' lang='grc' dir='ltr'><em>ΙΙ</em></span> <span class='ocrx_word' id='word_1_445' title='bbox 666 2830 706 2859; x_wconf 81' lang='lat'><em>15</em></span> <span class='ocrx_word' id='word_1_446' title='bbox 733 2826 853 2869; x_wconf 85' lang='lat' dir='ltr'><em>poscit</em></span> <span class='ocrx_word' id='word_1_447' title='bbox 880 2824 942 2857; x_wconf 79' lang='lat'><em>02:</em></span> <span class='ocrx_word' id='word_1_448' title='bbox 975 2822 1091 2867; x_wconf 82' lang='lat' dir='ltr'><em>possit</em></span> <span class='ocrx_word' id='word_1_449' title='bbox 1119 2824 1147 2857; x_wconf 67' lang='lat' dir='ltr'><em>(J</em></span> <span class='ocrx_word' id='word_1_450' title='bbox 1175 2824 1186 2867; x_wconf 76' lang='grc' dir='ltr'><em>ΙΙ</em></span> <span class='ocrx_word' id='word_1_451' title='bbox 1218 2823 1381 2866; x_wconf 80' lang='lat' dir='ltr'><em>figuralis</em></span> <span class='ocrx_word' id='word_1_452' title='bbox 1411 2823 1439 2857; x_wconf 82' lang='lat' dir='ltr'><em>G</em></span> <span class='ocrx_word' id='word_1_453' title='bbox 1467 2823 1478 2866; x_wconf 93' lang='grc' dir='ltr'><em>ΙΙ</em></span> <span class='ocrx_word' id='word_1_454' title='bbox 1511 2826 1553 2856; x_wconf 81' lang='lat'><em>17</em></span> <span class='ocrx_word' id='word_1_455' title='bbox 1581 2821 1694 2856; x_wconf 85' lang='lat' dir='ltr'><em>vostri</em></span> <span class='ocrx_word' id='word_1_456' title='bbox 1723 2821 1945 2854; x_wconf 58' lang='lat' dir='ltr'><em>zulasz-teins.-</em></span> <span class='ocrx_word' id='word_1_457' title='bbox 1972 2820 2087 2854; x_wconf 85' lang='lat' dir='ltr'><em>nostri</em></span> <span class='ocrx_word' id='word_1_458' title='bbox 2114 2818 2144 2854; x_wconf 85' lang='lat' dir='ltr'><strong><em>G</em></strong></span> 
     </span>
     <span class='ocr_line' id='line_1_46' title="bbox 448 2867 2139 2915; baseline -0.003 -10"><span class='ocrx_word' id='word_1_459' title='bbox 448 2872 563 2907; x_wconf 83' lang='lat' dir='ltr'><em>uestri</em></span> <span class='ocrx_word' id='word_1_460' title='bbox 590 2873 634 2906; x_wconf 73' lang='lat'><em>02</em></span> <span class='ocrx_word' id='word_1_461' title='bbox 666 2872 793 2915; x_wconf 83' lang='lat' dir='ltr'><em>(uestri</em></span> <span class='ocrx_word' id='word_1_462' title='bbox 820 2871 976 2905; x_wconf 66' lang='lat' dir='ltr'><em>enotavit</em></span> <span class='ocrx_word' id='word_1_463' title='bbox 1003 2870 1208 2913; x_wconf 62' lang='lat' dir='ltr'><em>Scioppius)</em></span> <span class='ocrx_word' id='word_1_464' title='bbox 1234 2871 1245 2913; x_wconf 82' lang='grc' dir='ltr'>Η</span> <span class='ocrx_word' id='word_1_465' title='bbox 1270 2872 1393 2903; x_wconf 81' lang='lat' dir='ltr'><em>nostra</em></span> <span class='ocrx_word' id='word_1_466' title='bbox 1421 2869 1451 2903; x_wconf 80' lang='lat' dir='ltr'><em>O</em></span> <span class='ocrx_word' id='word_1_467' title='bbox 1484 2871 1607 2903; x_wconf 77' lang='lat' dir='ltr'><em>uestra</em></span> <span class='ocrx_word' id='word_1_468' title='bbox 1634 2868 1690 2910; x_wconf 73' lang='lat'><em>02,</em></span> <span class='ocrx_word' id='word_1_469' title='bbox 1716 2868 1811 2911; x_wconf 72' lang='lat' dir='ltr'><em>quod</em></span> <span class='ocrx_word' id='word_1_470' title='bbox 1836 2868 1991 2901; x_wconf 74' lang='lat' dir='ltr'><em>enotavit</em></span> <span class='ocrx_word' id='word_1_471' title='bbox 2017 2867 2139 2909; x_wconf 76' lang='lat' dir='ltr'><em>Seiop-</em></span> 
     </span>
     <span class='ocr_line' id='line_1_47' title="bbox 443 2912 2140 2964; baseline -0.004 -11"><span class='ocrx_word' id='word_1_472' title='bbox 443 2920 531 2963; x_wconf 71' lang='lat' dir='ltr'><em>pius</em></span> <span class='ocrx_word' id='word_1_473' title='bbox 556 2921 567 2964; x_wconf 84' lang='grc' dir='ltr'><em>ΙΙ</em></span> <span class='ocrx_word' id='word_1_474' title='bbox 602 2924 642 2953; x_wconf 66' lang='grc'>15</span> <span class='ocrx_word' id='word_1_475' title='bbox 669 2919 817 2953; x_wconf 85' lang='lat' dir='ltr'><em>obuiam</em></span> <span class='ocrx_word' id='word_1_476' title='bbox 844 2929 908 2952; x_wconf 84' lang='lat' dir='ltr'><em>om.</em></span> <span class='ocrx_word' id='word_1_477' title='bbox 936 2918 1130 2960; x_wconf 74' lang='lat' dir='ltr'><em>Scioppius</em></span> <span class='ocrx_word' id='word_1_478' title='bbox 1160 2916 1304 2950; x_wconf 83' lang='lat' dir='ltr'><em>fortiter</em></span> <span class='ocrx_word' id='word_1_479' title='bbox 1332 2917 1536 2950; x_wconf 63' lang='lat' dir='ltr'><em>sslasricius</em></span> <span class='ocrx_word' id='word_1_480' title='bbox 1559 2917 1571 2960; x_wconf 91' lang='grc' dir='ltr'><em>ΙΙ</em></span> <span class='ocrx_word' id='word_1_481' title='bbox 1605 2919 1646 2949; x_wconf 88' lang='grc'>19</span> <span class='ocrx_word' id='word_1_482' title='bbox 1674 2915 1722 2949; x_wconf 80' lang='lat' dir='ltr'><em>ad</em></span> <span class='ocrx_word' id='word_1_483' title='bbox 1746 2925 1776 2948; x_wconf 81' lang='lat' dir='ltr'><em>v.</em></span> <span class='ocrx_word' id='word_1_484' title='bbox 1805 2918 1848 2948; x_wconf 82' lang='lat'><em>63</em></span> <span class='ocrx_word' id='word_1_485' title='bbox 1876 2913 2042 2957; x_wconf 84' lang='lat' dir='ltr'><em>Visendi]</em></span> <span class='ocrx_word' id='word_1_486' title='bbox 2069 2912 2140 2946; x_wconf 86' lang='lat' dir='ltr'><em>fre-</em></span> 
     </span>
     <span class='ocr_line' id='line_1_48' title="bbox 448 2959 2140 3009; baseline -0.004 -10"><span class='ocrx_word' id='word_1_487' title='bbox 448 2966 705 3009; x_wconf 84' lang='lat' dir='ltr'><em>quentatiuum</em></span> <span class='ocrx_word' id='word_1_488' title='bbox 731 2965 882 3000; x_wconf 86' lang='lat' dir='ltr'><em>uerbum</em></span> <span class='ocrx_word' id='word_1_489' title='bbox 910 2966 974 2998; x_wconf 83' lang='lat' dir='ltr'><em>est.</em></span> <span class='ocrx_word' id='word_1_490' title='bbox 1004 2964 1039 2997; x_wconf 83' lang='grc' dir='ltr'><em>Ρ</em></span> <span class='ocrx_word' id='word_1_491' title='bbox 1055 2964 1066 3007; x_wconf 92' lang='grc' dir='ltr'><em>ΙΙ</em></span> <span class='ocrx_word' id='word_1_492' title='bbox 1092 2967 1133 2997; x_wconf 77' lang='lat'><em>21</em></span> <span class='ocrx_word' id='word_1_493' title='bbox 1163 2964 1210 2997; x_wconf 76' lang='lat' dir='ltr'><em>ad</em></span> <span class='ocrx_word' id='word_1_494' title='bbox 1238 2975 1265 2996; x_wconf 82' lang='lat' dir='ltr'><em>v.</em></span> <span class='ocrx_word' id='word_1_495' title='bbox 1294 2967 1338 2997; x_wconf 70' lang='lat'><em>04</em></span> <span class='ocrx_word' id='word_1_496' title='bbox 1365 2962 1592 2997; x_wconf 86' lang='lat' dir='ltr'><em>Circumfusa</em></span> <span class='ocrx_word' id='word_1_497' title='bbox 1617 2961 1704 3006; x_wconf 75' lang='lat' dir='ltr'><em>ruit]</em></span> <span class='ocrx_word' id='word_1_498' title='bbox 1732 2961 1929 3005; x_wconf 79' lang='lat' dir='ltr'><em>figuratum</em></span> <span class='ocrx_word' id='word_1_499' title='bbox 1956 2962 2027 3002; x_wconf 75' lang='lat' dir='ltr'><em>est,</em></span> <span class='ocrx_word' id='word_1_500' title='bbox 2055 2959 2140 3003; x_wconf 82' lang='lat' dir='ltr'><em>quia</em></span> 
     </span>
     <span class='ocr_line' id='line_1_49' title="bbox 448 3006 2138 3055; baseline -0.004 -9"><span class='ocrx_word' id='word_1_501' title='bbox 448 3013 618 3047; x_wconf 75' lang='lat' dir='ltr'><em>iuuentus</em></span> <span class='ocrx_word' id='word_1_502' title='bbox 646 3012 896 3046; x_wconf 83' lang='lat' dir='ltr'><em>enuntiatione</em></span> <span class='ocrx_word' id='word_1_503' title='bbox 930 3011 1114 3055; x_wconf 84' lang='lat' dir='ltr'><em>singulare</em></span> <span class='ocrx_word' id='word_1_504' title='bbox 1147 3011 1217 3053; x_wconf 86' lang='lat' dir='ltr'><em>est,</em></span> <span class='ocrx_word' id='word_1_505' title='bbox 1250 3009 1441 3044; x_wconf 83' lang='lat' dir='ltr'><em>intellectu</em></span> <span class='ocrx_word' id='word_1_506' title='bbox 1472 3009 1626 3053; x_wconf 86' lang='lat' dir='ltr'><em>plurale.</em></span> <span class='ocrx_word' id='word_1_507' title='bbox 1677 3008 1845 3041; x_wconf 88' lang='lat' dir='ltr'><em>Inludere</em></span> <span class='ocrx_word' id='word_1_508' title='bbox 1872 3006 1996 3053; x_wconf 84' lang='lat' dir='ltr'><em>capto]</em></span> <span class='ocrx_word' id='word_1_509' title='bbox 2024 3008 2062 3040; x_wconf 88' lang='lat' dir='ltr'><em>et</em></span> <span class='ocrx_word' id='word_1_510' title='bbox 2086 3006 2138 3040; x_wconf 86' lang='lat' dir='ltr'><em>in-</em></span> 
     </span>
     <span class='ocr_line' id='line_1_50' title="bbox 448 3053 2140 3099; baseline -0.004 -6"><span class='ocrx_word' id='word_1_511' title='bbox 448 3060 534 3093; x_wconf 84' lang='lat' dir='ltr'><em>ludo</em></span> <span class='ocrx_word' id='word_1_512' title='bbox 562 3060 630 3093; x_wconf 88' lang='lat' dir='ltr'><em>tibi</em></span> <span class='ocrx_word' id='word_1_513' title='bbox 657 3061 693 3093; x_wconf 87' lang='lat' dir='ltr'><em>et</em></span> <span class='ocrx_word' id='word_1_514' title='bbox 718 3062 754 3093; x_wconf 86' lang='lat' dir='ltr'><em>te</em></span> <span class='ocrx_word' id='word_1_515' title='bbox 781 3059 946 3093; x_wconf 85' lang='lat' dir='ltr'><em>dicimus.</em></span> <span class='ocrx_word' id='word_1_516' title='bbox 999 3057 1117 3091; x_wconf 88' lang='lat' dir='ltr'><em>simile</em></span> <span class='ocrx_word' id='word_1_517' title='bbox 1144 3056 1281 3091; x_wconf 84' lang='lat' dir='ltr'><em>insulto</em></span> <span class='ocrx_word' id='word_1_518' title='bbox 1308 3056 1377 3090; x_wconf 87' lang='lat' dir='ltr'><em>tibi</em></span> <span class='ocrx_word' id='word_1_519' title='bbox 1403 3059 1439 3091; x_wconf 89' lang='lat' dir='ltr'><em>ct</em></span> <span class='ocrx_word' id='word_1_520' title='bbox 1464 3059 1510 3090; x_wconf 89' lang='lat' dir='ltr'><em>te.</em></span> <span class='ocrx_word' id='word_1_521' title='bbox 1536 3056 1571 3089; x_wconf 87' lang='lat' dir='ltr'><em>P</em></span> <span class='ocrx_word' id='word_1_522' title='bbox 1587 3057 1599 3099; x_wconf 81' lang='grc' dir='ltr'><strong>Η</strong></span> <span class='ocrx_word' id='word_1_523' title='bbox 1617 3055 1791 3098; x_wconf 84' lang='lat' dir='ltr'><em>ypallagc</em></span> <span class='ocrx_word' id='word_1_524' title='bbox 1813 3054 1891 3089; x_wconf 77' lang='lat' dir='ltr'><em>CH</em></span> <span class='ocrx_word' id='word_1_525' title='bbox 1922 3054 2080 3098; x_wconf 84' lang='lat' dir='ltr'><em>ypalage</em></span> <span class='ocrx_word' id='word_1_526' title='bbox 2107 3053 2140 3087; x_wconf 89' lang='lat' dir='ltr'><em>L</em></span> 
     </span>
     <span class='ocr_line' id='line_1_51' title="bbox 448 3105 997 3151; baseline -0.004 -11"><span class='ocrx_word' id='word_1_527' title='bbox 448 3107 648 3151; x_wconf 73' lang='lat' dir='ltr'><em>yppallagc</em></span> <span class='ocrx_word' id='word_1_528' title='bbox 676 3107 723 3140; x_wconf 84' lang='lat' dir='ltr'><em>M</em></span> <span class='ocrx_word' id='word_1_529' title='bbox 740 3107 751 3150; x_wconf 93' lang='grc' dir='ltr'><em>ΙΙ</em></span> <span class='ocrx_word' id='word_1_530' title='bbox 771 3106 860 3151; x_wconf 88' lang='lat' dir='ltr'><em>ruit]</em></span> <span class='ocrx_word' id='word_1_531' title='bbox 888 3107 928 3139; x_wconf 90' lang='lat' dir='ltr'><em>ut</em></span> <span class='ocrx_word' id='word_1_532' title='bbox 955 3105 997 3139; x_wconf 90' lang='lat' dir='ltr'><em>H</em></span> 
     </span>
    </p>
   </div>
  </div>
 </body>
</html>
