2204 3437
519 206 666 244 COMM.
695 207 747 243 IN
770 208 912 243 VERG.
940 208 1050 242 AEN.
1078 208 1119 242 V.
1147 212 1343 244 498—525.
1686 209 1769 250 631

204 316 301 356 517.
351 327 591 366 vl'rAMQVE
617 328 836 366 RELIQVIT
864 329 910 358 IN
937 327 1094 358 Asrnls
1129 316 1237 356 unde
1270 319 1513 370 sumpserat
1546 318 1695 370 vitam,
1727 321 1774 359 ut

86 384 176 438 <VI
210 386 320 439 728>
357 386 474 428 hinc
512 387 767 429 hominum
806 387 1148 442 pecudumque
1187 401 1362 441 genus,
1409 387 1649 442 vitaeque
1694 403 1773 428 vo-

87 455 293 497 lantum.
357 472 458 498 sane
492 457 712 499 sciendum
742 458 854 499 hunc
886 460 1027 498 totum
1060 457 1199 498 locum
1232 458 1284 498 ab
1318 456 1505 499 Homero
1540 473 1631 499 esse
1664 473 1772 499 sum-

85 529 224 580 ptum:
264 527 374 568 unde
406 528 545 568 inanis
579 531 644 569 est
676 529 934 582 vituperatio
966 528 1155 580 Aeneae,
1195 528 1306 581 quod
1339 529 1619 582 suspenderat
1652 544 1771 570 avem

86 600 333 639 maternam.
394 614 493 640 nam
535 602 577 641 et
617 614 684 640 res
725 602 789 640 est
827 599 1038 641 translata
1079 598 1348 651 simpliciter:
1394 602 1435 640 et
1479 614 1773 654 quamcunque
1799 608 1813 636 ἴ

85 668 378 722 suspendisset
421 684 560 723 aveni,
603 670 647 710 in
691 669 799 711 hanc
842 669 1047 710 incideret
1086 668 1461 722 vituperationem:
1505 670 1624 710 nulla
1662 670 1773 711 enim

86 738 175 779 avis
207 742 324 780 caret
356 740 692 790 consecratione,
732 740 831 794 quia
863 740 1056 793 singulae
1089 753 1188 779 aves
1220 740 1465 781 numinibus
1500 743 1598 781 sunt
1630 755 1773 781 conse-

85 812 238 850 cratae,
300 824 557 864 quamquam
590 810 789 852 Vrbanus
829 810 961 863 dicat,
1002 812 1183 851 matrem
1218 809 1343 850 citius
1376 811 1567 863 potuisse
1599 811 1772 864 placari.

202 880 298 922 521.
348 893 597 930 ARTEMQVE
630 893 780 922 PATER
812 892 1065 929 ARCVMQVE
1099 891 1348 921 SONANTEM
1382 880 1526 933 culpat
1558 881 1637 922 hoc
1670 881 1772 922 Ver-

85 951 366 1004 giliomastix:
400 954 535 993 artem
562 952 674 993 enim
701 952 744 992 in
769 965 902 993 vacuo
931 954 1026 992 aere
1054 949 1276 992 ostendere
1302 964 1389 991 non
1414 954 1599 1004 poterat:
1628 967 1772 1006 quam-

85 1036 211 1075 quam
238 1022 381 1063 dicant
412 1023 541 1077 periti
572 1037 697 1077 posse
726 1037 775 1064 ex
800 1022 893 1076 ipso
922 1021 1247 1076 sagittariorum
1279 1024 1404 1074 gestu
1437 1022 1541 1062 artis
1574 1022 1773 1075 peritiam

83 1092 272 1134 indicari.
931 1087 934 1089 ⁵

201 1164 298 1205 522.
349 1175 568 1205 OBICITVR
607 1164 797 1218 superius
831 1163 919 1217 <IV
952 1163 1064 1217 549>
1098 1163 1148 1204 de
1188 1162 1254 1203 his
1287 1163 1510 1216 particulis
1544 1164 1773 1206 secundum

82 1233 233 1275 Iubam
273 1235 570 1289 artigraphum
612 1236 910 1288 tractavimus,
957 1235 1029 1276 sed
1072 1234 1217 1275 dicunt
1256 1234 1331 1274 alii
1368 1234 1475 1275 istas
1514 1235 1773 1289 monosylla-

82 1305 233 1346 borum
264 1306 431 1347 ratione
466 1307 530 1346 vel
561 1306 737 1360 produci
771 1306 837 1347 vel
871 1307 1040 1360 corripi.
1091 1320 1190 1346 sane
1221 1304 1438 1346 sciendum
1470 1308 1648 1346 naturae
1682 1321 1773 1347 esse

82 1379 129 1416 ut
161 1376 310 1418 breves
344 1377 447 1418 sint:
490 1377 728 1431 euphoniae
762 1378 827 1417 vel
859 1377 990 1418 Iubae
1023 1376 1189 1417 ratione
1222 1376 1264 1416 in
1298 1376 1587 1430 conpositione
1619 1377 1772 1430 produ-

82 1449 253 1501 cuntur,
286 1447 322 1489 si
353 1450 495 1489 tamen
530 1447 574 1489 ti'
608 1451 827 1502 sequatur,
861 1462 968 1502 quae
1001 1447 1102 1489 licet
1133 1462 1219 1488 non
1252 1447 1309 1487 sit
1342 1460 1599 1501 consonans,
1630 1449 1774 1500 potest

81 1519 225 1559 tamen
256 1518 301 1559 in
334 1518 617 1560 declinatione
651 1533 727 1573 pro
761 1521 1022 1560 consonante
1054 1518 1214 1559 haberi.

199 1588 296 1630 523.
345 1601 547 1631 Avovmo
574 1600 824 1631 MONSTRVM
855 1588 1114 1643 ‘augurium'
1148 1589 1307 1630 dictum
1341 1589 1459 1642 quasi
1494 1587 1773 1642 ‘avigerium’,

79 1660 126 1700 id
153 1663 210 1701 est
242 1661 355 1715 quod
388 1676 486 1703 aves
520 1663 686 1716 gerunt.
737 1663 780 1701 et
811 1660 919 1701 bene
951 1659 1000 1701 de
1035 1660 1194 1714 sagitta
1227 1659 1334 1700 dixit
1367 1657 1634 1714 ‘augurium’,
1666 1674 1771 1713 quae

80 1729 211 1772 habet
243 1746 423 1786 pennas:
456 1747 715 1787 quamquam
748 1732 893 1773 omnia
924 1731 976 1772 ad
1008 1746 1138 1772 unum
1171 1731 1436 1785 congesserit
1466 1731 1625 1771 locum:
1658 1745 1774 1771 mon-

83 1803 238 1855 strum,
271 1803 515 1858 augurium,
547 1802 802 1856 auspicium,
835 1802 1068 1844 oraculum.

199 1872 296 1913 524.
348 1884 462 1915 SERA
490 1868 656 1928 gravia}
692 1871 921 1914 Sallustius
956 1887 1119 1914 serum
1152 1872 1281 1913 enim
1313 1872 1504 1914 bellum
1537 1874 1586 1914 in
1619 1886 1773 1928 angu-

81 1943 200 1984 stiis
245 1944 493 1999 futurum,
536 1944 580 1986 id
618 1947 683 1985 est
722 1958 863 1999 grave.
934 1946 975 1984 et
1019 1943 1130 1998 quod
1172 1943 1401 1997 inprobant
1444 1947 1563 1985 vates
1608 1944 1772 1985 Aeneas

81 2014 369 2069 amplectitur,
412 2015 612 2070 deceptus
652 2015 822 2070 augurii
860 2015 1141 2056 similitudine
1181 2014 1291 2068 quod
1330 2015 1441 2068 apud
1474 2013 1646 2056 Troiam
1679 2029 1772 2068 pro-

81 2085 259 2126 baverat
289 2088 429 2140 pater,
461 2090 509 2127 ut
540 2085 609 2139 <II
642 2086 755 2139 694>
790 2086 945 2127 stella
976 2085 1137 2126 facem
1170 2085 1367 2126 ducens.

197 2156 293 2197 525.
344 2168 551 2207 LIQVIDIS
584 2169 632 2198 IN
667 2169 863 2199 NVBIBVS
895 2157 1029 2198 nubes
1062 2171 1138 2211 pro
1172 2160 1267 2198 aeie
1300 2157 1459 2210 posuit:
1492 2157 1626 2198 nubes
1661 2157 1771 2198 enim

80 2227 267 2281 liquidae
301 2243 392 2269 esse
424 2243 511 2270 non
542 2232 733 2284 possunt.

178 2336 194 2365 1
222 2331 318 2366 unde
343 2334 550 2377 sumpserat
575 2344 604 2368 e.
626 2346 659 2378 q.
681 2333 725 2379 s.]
752 2333 796 2368 ef.
823 2332 984 2367 Macrob.
1012 2331 1088 2368 Sat.
1115 2333 1165 2366 III
1192 2336 1224 2375 8,
1245 2334 1295 2375 411
1324 2336 1363 2365 19
1392 2332 1585 2376 augurium
1613 2361 1620 2367 .
1643 2359 1649 2366 .
1672 2360 1678 2366 .
1706 2343 1769 2377 ge-

79 2378 180 2424 runt]
208 2389 320 2413 exscr.
348 2378 432 2414 Isid.
453 2391 503 2414 or.
524 2380 609 2414 VIII
630 2384 720 2425 9,19
740 2381 814 2425 1123
843 2379 1056 2425 Sallustius]
1083 2379 1168 2414 hist.
1196 2379 1325 2423 fragm.
1350 2379 1397 2412 ΙΙΙ
1421 2384 1461 2413 13
1478 2379 1551 2421 Κικ,
1577 2379 1646 2414 inc.
1671 2384 1711 2413 15
1725 2379 1768 2414 D.

176 2478 192 2507 1
221 2474 270 2508 ad
295 2485 324 2507 v.
353 2477 419 2508 517
446 2474 609 2520 Decidit]
642 2474 822 2509 Homerus
849 2476 945 2518 (880)
971 2469 1070 2513 ὠκὺς
1096 2469 1132 2507 ὁ’
1163 2471 1203 2508 ἐκ
1230 2471 1370 2517 μελέων
1399 2502 1405 2508 .
1435 2502 1440 2507 .
1470 2502 1475 2507 .
1503 2486 1669 2508 καππεσε
1699 2474 1734 2507 I)

80 2533 245 2559 nssmovm
273 2520 387 2565 FHu
406 2525 426 2554 2
452 2522 705 2566 pecodumqne
734 2521 799 2566 Fu
820 2526 839 2556 3
866 2521 970 2566 sane]
998 2532 1084 2555 sane
1112 2531 1154 2564 ex
1181 2521 1222 2554 Ν
1256 2531 1341 2555 sane
1369 2532 1410 2554 ex
1438 2521 1506 2555 hoc
1534 2520 1735 2555 Μαειὶοῑᾚας
1760 2530 1770 2564 g

80 2572 101 2601 4
128 2568 360 2612 suspenderit
384 2580 426 2602 ει·
452 2569 691 2618 suspenderet
717 2569 755 2602 F
791 2568 1023 2613 suspenderit
1045 2569 1092 2602 M
1108 2572 1120 2613 ΙΙ
1140 2574 1159 2601 Γ)
1187 2570 1391 2602 maternum
1418 2567 1457 2600 F
1472 2569 1484 2611 Η
1503 2579 1587 2602 nam
1614 2579 1677 2602 om.
1700 2567 1743 2601 II

81 2619 101 2648 5
127 2626 357 2659 quacumque
385 2615 461 2649 FL
479 2617 491 2660 11
511 2620 531 2650 6
557 2613 688 2651 nulla.
729 2616 1031 2651 .consecratione
1052 2628 1117 2650 om.
1133 2616 1171 2650 Γ
1187 2617 1198 2659 ΙΙ
1219 2618 1238 2648 8
1260 2615 1351 2649 dicit
1372 2614 1410 2648 F
1426 2617 1437 2658 ΙΙ
1457 2619 1476 2648 9
1498 2616 1622 2659 PATER]
1650 2628 1678 2648 P.
1700 2615 1738 2648 H

80 2673 268 2702 ARCVMQVE
294 2663 490 2709 SONANTEM]
529 2665 565 2698 et
590 2665 660 2708 r1'q.
687 2643 726 2697 F
768 2676 949 2698 soxAanM
978 2673 1043 2698 om.
1070 2663 1153 2697 LH
1192 2675 1307 2696 ARlEM
1331 2674 1478 2695 1A21uu1<
1503 2674 1686 2700 Ancvnovn
1713 2674 1769 2695 so-

80 2721 218 2743 NANTEM
243 2710 348 2754 vulgo
385 2711 397 2754 ΙΙ
434 2710 574 2756 culpat]
610 2711 795 2755 semelque
823 2710 950 2755 culpat
974 2710 1014 2744 F
1044 2710 1176 2753 (simul
1205 2720 1317 2753 quare
1344 2710 1471 2754 culpat
1499 2709 1577 2743 Ger.
1614 2708 1770 2750 Vossius,

80 2755 162 2798 fort
184 2755 303 2790 simul.
332 2759 369 2791 et
395 2757 534 2801 culpat)
562 2757 626 2791 sed
653 2758 779 2803 culpat
804 2758 837 2791 L
857 2759 868 2802 ss
889 2758 958 2792 hoc
978 2756 1270 2802 Virgiliomastix
1291 2756 1333 2789 Ν
1337 2757 1391 2790 H.
1419 2757 1488 2790 hoc
1514 2755 1661 2800 uirgilio
1689 2766 1768 2790 ace-

81 2826 150 2860 stix
176 2826 216 2860 F
249 2827 319 2861 hoc
345 2826 532 2871 uirgilium
557 2808 692 2873 inas-ts
684 2841 719 2862 ix
740 2828 772 2862 L
804 2829 841 2862 in
861 2829 929 2863 hoc
949 2828 1139 2873 uirgilium
1160 2827 1298 2861 maxtix
1322 2828 1363 2860 Ἠ
1385 2829 1396 2870 ΙΙ
1419 2832 1459 2860 12
1487 2826 1658 2871 indicari]
1686 2838 1768 2861 con-

81 2873 230 2917 probari
256 2873 302 2908 F
334 2875 418 2917 fort.
440 2874 595 2909 iudicari
613 2876 625 2919 ΙΙ
646 2880 721 2909 13
716 2888 893 2910 ommuni
918 2875 951 2908 L
969 2877 981 2920 ΙΙ
1003 2880 1045 2909 14
1071 2875 1144 2909 ista
1172 2874 1600 2918 31111110110811111110111111
1622 2874 1665 2907 Π
1694 2886 1768 2907 1110-

82 2920 345 2956 nosillaborum
378 2921 439 2955 M.-
477 2922 815 2966 monosyllabarum
843 2922 926 2956 FN
962 2922 1283 2966 monosylabarum
1312 2922 1342 2954 J
1379 2923 1390 2964 Η
1430 2925 1470 2954 15
1505 2920 1665 2955 rationes
1692 2920 1731 2953 F

84 2971 127 3002 16
153 2967 192 3001 111
217 2968 470 3013 conpositione
496 2979 560 3003 om.
592 2969 631 3003 F
646 2971 657 3014 ΙΙ
682 2969 735 3014 111]
763 2971 804 3003 ut
828 2969 866 3003 in
893 2970 940 3003 M
957 2972 969 3014 ΙΙ
993 2970 1242 3013 producantur
1270 2967 1308 3001 F
1314 2968 1358 3001 M
1381 2971 1392 3011 ΙΙ
1424 2972 1464 3001 17
1492 2968 1503 3000 1
1529 2979 1594 3001 om.
1627 2967 1665 3001 ΙΙ
1685 2969 1697 3012 ΙΙ
1728 2972 1768 3002 18

83 3016 298 3050 consonanti
331 3015 370 3050 F
402 3017 414 3060 11
451 3015 595 3062 haberi]
635 3018 677 3051 ut
708 3015 835 3051 obiicit
867 3016 1019 3060 obiecit,
1056 3016 1204 3051 subiicit
1235 3015 1391 3049 subiecit
1422 3015 1503 3049 add.
1533 3015 1734 3049 Masuicius
1759 3020 1768 3049 Η

670 3083 684 3100 Θ

86 3112 126 3143 19
154 3108 310 3155 dictum]
337 3109 464 3144 dicunt
490 3110 533 3144 H
547 3112 559 3154 n
578 3109 785 3155 auigon'um
811 3110 878 3154 ΝΙΙ
898 3114 943 3145 20
970 3111 1080 3155 quae]
1109 3109 1194 3153 quia
1220 3109 1423 3144 Mas-nicius
1439 3110 1452 3153 ΙΙ
1472 3113 1514 3143 21
1542 3109 1671 3153 pinnas
1698 3109 1736 3143 1³
1758 3113 1760 3135 1

84 3159 127 3189 22
156 3156 360 3201 oraculum]
386 3158 469 3199 sort.
499 3168 616 3192 omen.
655 3157 698 3200 cf.
718 3160 788 3192 530
816 3157 895 3193 ‘nec
919 3159 1098 3193 orzaoeimus
1123 3157 1236 3192 omen'
1259 3158 1271 3200 ΙΙ
1297 3160 1339 3190 23
1367 3156 1464 3191 enim
1490 3167 1554 3190 om.
1585 3156 1678 3190 ΓΜ

1802 960 1843 990 10

1803 1315 1842 1343 15

1798 1669 1843 1698 20

1800 2024 1842 2052 ’25
