2204 3437
817 204 1099 240 PRAEFATIO.
1686 205 1800 240 LXIII

116 313 341 368 dignitatis
376 316 492 367 sunt,
525 316 572 354 ut
604 328 689 354 non
716 313 939 354 videantur
960 327 1009 352 ex
1031 312 1205 366 antiquo
1228 313 1534 354 commentario
1555 313 1806 368 deprompta

116 398 219 424 esse.
232 382 263 438 1)
309 384 439 425 ceteri
471 384 609 424 tribus
643 383 823 424 maxime
851 381 1056 423 subsidiis
1084 382 1127 422 in
1155 382 1296 423 codice
1324 382 1565 424 adnotando
1599 384 1663 424 1131
1690 388 1806 425 sunt:

115 453 277 494 Tiberii
309 452 470 494 Donati
502 452 753 495 commentis
787 467 862 506 per
893 453 1031 492 totam
1063 452 1315 506 Aeneidem,
1348 453 1444 494 inde
1478 468 1501 493 a
1533 454 1662 495 tertio
1695 455 1805 496 libro

116 524 177 565 eis
205 524 379 565 scholiis
413 538 519 578 quae
546 523 700 564 Daniel
740 522 902 576 primus
943 522 1092 575 edidit,
1131 523 1310 577 denique
1350 524 1494 577 paucis
1534 524 1638 565 10013
1672 523 1806 565 Servii

116 594 435 635 commentario.
493 608 601 648 quae
635 609 660 634 a
691 592 860 634 Donato
895 596 937 633 et
970 592 1115 634 Servio
1155 595 1398 647 petiverunt
1430 609 1515 635 11011
1548 596 1693 636 curavi
1724 596 1807 636 nisi

117 679 213 706 cum
246 664 487 706 Danielinis
529 664 700 705 scholiis
741 664 967 705 coniuncta
1007 666 1139 704 erant.
1191 664 1294 705 item
1334 665 1503 706 inutilia
1543 666 1806 719 singulorum

117 736 343 776 verborum
384 736 450 776 vel
492 735 756 776 locutionum
803 735 1185 788 interpretamenta
1220 735 1467 790 plerumque
1500 737 1625 777 omisi
1653 737 1807 791 quippe

120 820 226 860 quae
267 806 461 846 homines
503 806 565 846 illi
608 821 657 847 ex
699 805 786 846 suis
827 805 1011 859 ingeniis
1055 805 1263 846 addidisse
1305 805 1541 847 videantur.
1596 822 1810 861 perpauca

121 891 229 929 quae
263 891 284 917 e
316 876 550 930 Fulgentii,
581 875 807 929 Macrobii,
839 875 994 916 Isidori
1027 875 1147 916 libris
1182 876 1497 929 exscripserunt
1530 876 1695 930 edidi.‘²)
1746 893 1809 919 ce·

123 949 263 986 terum
295 961 431 1000 neque
473 960 577 1000 opus
618 946 843 986 videbatur
886 960 993 999 quae
1036 946 1088 986 ab
1131 945 1198 986 his
1244 947 1406 1000 scripta
1448 950 1548 988 sunt
1587 948 1630 988 111
1663 949 1810 990 critica

120 1016 397 1057 adnotatione
430 1017 540 1057 inter
580 1031 624 1057 se
663 1017 900 1058 discernere
932 1031 1069 1071 neque
1108 1017 1305 1058 omnibus
1345 1018 1449 1059 10013
1495 1034 1617 1060 suum
1657 1019 1808 1073 cuique

120 1087 254 1128 tribui
285 1089 467 1140 poterat.
523 1102 622 1128 nam
650 1089 697 1127 ut
730 1087 818 1128 01113
851 1102 1002 1128 manus
1036 1088 1356 1144 qiligiovissinie
1383 1089 1570 1130 011111111111
1581 1123 1590 1143 ,
1622 1093 1667 1130 111
1700 1090 1809 1130 vide-

120 1160 206 1211 tur⁷
238 1157 334 1198 inde
368 1172 391 1197 0
424 1160 577 1211 quarto
617 1158 727 1198 libro
768 1172 855 1198 non
892 1158 1010 1199 nulla
1049 1158 1286 1211 pleniorum
1325 1159 1529 1200 librorum
1569 1160 1729 1200 scholia
1767 1160 1811 1200 in

121 1211 407 1283 marginibus,
439 1242 525 1268 11011
556 1228 668 1270 inter
700 1243 846 1269 versus
875 1229 1121 1283 adscripsit,
1154 1244 1178 1270 a
1210 1229 1386 1283 reliquis
1414 1230 1554 1271 differt
1564 1264 1574 1285 7
1606 1231 1668 1271 ita
1700 1231 1811 1271 inter

115 1297 194 1339 hos
226 1299 343 1353 ipsos
375 1313 461 1339 11011
494 1313 543 1339 00
575 1301 640 1339 est
671 1299 915 1339 litterarum
949 1301 991 1339 et
1031 1299 1246 1340 scribendi
1280 1300 1596 1341 consuetudinis
1630 1301 1810 1342 dissimi-

117 1367 272 1422 litudo,
303 1369 350 1408 ut
382 1382 406 1408 a
439 1382 521 1422 quo
565 1368 760 1422 quodque
804 1368 1012 1409 scholium
1055 1370 1262 1423 scriptum
1296 1370 1352 1410 sit
1395 1386 1560 1425 semper
1601 1374 1716 1413 certo
1750 1372 1810 1412 di-

119 1438 267 1492 gnosci
310 1439 460 1492 possit.
523 1439 568 1479 in
610 1438 774 1479 schedis
817 1439 923 1479 meis
967 1439 1106 1493 quoad
1148 1440 1240 1481 fieri
1282 1443 1452 1495 poterat
1493 1442 1682 1483 diversas
1725 1457 1810 1483 ma-

120 1524 198 1550 nus
232 1508 419 1549 distinxi.

236 1578 342 1620 Cum
375 1579 531 1620 librum
572 1594 683 1622 anno
721 1580 832 1621 1876
866 1580 912 1621 in
951 1579 1157 1621 Bernensi
1196 1582 1458 1625 bibliotheca
1495 1586 1680 1625 tractare
1720 1599 1810 1625 coe-

117 1650 276 1704 pissem
323 1651 548 1703 sperabam
594 1665 642 1691 ea
693 1665 799 1704 quae
851 1650 901 1691 de
952 1651 1158 1704 plenioris
1212 1655 1508 1695 commentarii
1560 1655 1726 1709 origine
1771 1657 1812 1695 et

118 1720 423 1774 compositione
456 1721 673 1762 invenisse
708 1721 885 1762 videbar
917 1721 1006 1762 01113
1034 1723 1288 1764 auctoritate
1317 1725 1486 1780 egregie
1514 1726 1812 1767 confirmatum

119 1792 184 1832 iri.
242 1791 445 1833 additicia
479 1792 594 1833 enim
628 1792 790 1833 scholia
822 1792 1074 1846 plerumque
1107 1793 1195 1833 31110
1229 1792 1445 1835 Servianis
1479 1796 1635 1849 scripta
1671 1796 1813 1849 eisque

118 1877 205 1904 non
244 1862 374 1902 nullis
415 1863 518 1903 locis
561 1865 706 1916 aperte
745 1865 965 1917 tamquam
1008 1863 1147 1904 aliena
1189 1866 1386 1918 opposita
1428 1881 1519 1907 esse
1562 1864 1812 1921 videbam.3)

119 2036 254 2071 dicitur
280 2037 323 2070 de
350 2036 528 2082 polifemo
554 2037 765 2072 fabulosum
791 2039 847 2071 est
876 2036 1021 2074 Veritas
1054 2039 1176 2072 tamen
1210 2038 1324 2073 habet
1354 2040 1570 2085 polifemum
1605 2040 1813 2085 prudentis-

123 2089 254 2124 simum
282 2088 394 2123 fuisse
421 2101 530 2134 quem
556 2090 673 2124 ulixes
709 2101 774 2124 sua
800 2089 939 2123 astutia
972 2090 1159 2135 superavit
1184 2092 1306 2126 Vnum
1340 2095 1464 2128 autem
1500 2094 1647 2128 oculum
1680 2093 1815 2128 dicitur

120 2141 296 2176 habuisse
322 2142 360 2176 in
385 2142 506 2178 fronte
532 2144 683 2188 propter
708 2141 945 2186 prudentiam
972 2154 1081 2186 quam
1102 2144 1265 2179 habebat
1290 2158 1375 2180 nam
1403 2147 1508 2181 sedes
1534 2145 1752 2191 prudentiae
1778 2146 1814 2180 in

121 2195 269 2229 cerebro
297 2195 433 2230 dicitur
458 2197 569 2231 esse’.
671 2198 703 2238 1)
731 2196 774 2230 cf.
803 2195 850 2228 ad
875 2194 966 2229 Aen.
993 2196 1044 2230 III
1072 2201 1137 2231 125
1174 2198 1320 2232 ‘Naxon
1352 2199 1475 2234 insula
1495 2203 1550 2234 est
1581 2199 1697 2233 libero
1731 2210 1815 2233 con-

122 2249 265 2282 secrata
291 2247 398 2283 olivis
426 2249 644 2284 habundans
672 2249 767 2282 unde
794 2250 832 2282 et
857 2249 990 2283 bacata
1017 2249 1155 2285 dicitnr
1178 2251 1296 2299 bache
1324 2281 1330 2287 .
1354 2282 1360 2288 .
1387 2253 1527 2287 fructus
1554 2252 1749 2287 olivarum'
1779 2254 1816 2286 et

123 2299 277 2334 ‘Donisa
304 2327 310 2334 .
338 2302 394 2335 est
419 2301 560 2335 insulae
586 2300 715 2335 viridis
742 2303 864 2335 autem
893 2300 1028 2335 dicitur
1053 2305 1204 2348 propter
1230 2305 1346 2340 olivas
1368 2305 1505 2340 virides
1528 2334 1652 2341 .....
1675 2305 1815 2350 species

122 2352 303 2387 olivarum
336 2352 493 2389 viridis’.
546 2354 592 2388 ad
624 2354 675 2388 III
709 2357 776 2405 ‘282
813 2353 928 2388 ‘Nudi
961 2355 1163 2398 palestram
1195 2357 1415 2393 exercebant
1443 2387 1448 2392 .
1476 2387 1483 2393 .
1510 2357 1637 2392 vestiti
1664 2387 1672 2394 .
1700 2357 1815 2403 impe*

123 2405 287 2440 dii-entur
320 2407 356 2439 et
387 2405 533 2440 facilius
566 2406 798 2440 deicerentur
825 2405 1067 2450 Vngebantur
1105 2411 1290 2443 ceromate
1318 2410 1471 2445 Ceroma
1505 2413 1628 2444 autem
1663 2413 1720 2445 est
1752 2424 1816 2444 un-

122 2461 299 2503 guentum
325 2469 369 2492 ex
395 2459 476 2494 0100
503 2471 575 2505 quo
602 2460 767 2494 membra
792 2459 1017 2494 athletarum
1043 2461 1303 2506 ungebantur⁷.
1450 2467 1484 2508 2)
1512 2464 1556 2499 cf.
1584 2464 1708 2499 adnot.
1736 2463 1814 2498 crit.

123 2512 170 2545 ad
197 2511 248 2545 III
275 2515 329 2555 66,
357 2515 441 2555 2123
478 2513 505 2546 V
533 2517 610 2548 458.
663 2523 757 2557 quac
791 2513 893 2548 codd.
927 2509 1059 2547 Isidori
1085 2514 1262 2549 ecclesiae
1290 2516 1492 2550 Toletanae
1519 2517 1565 2551 ad
1592 2516 1681 2561 orig.
1709 2516 1757 2550 IV
1785 2521 1816 2559 7,

124 2569 168 2599 34
195 2563 416 2599 addiderunt
447 2565 506 2608 (cf.
533 2566 642 2600 Peter
673 2565 802 2600 histor.
829 2566 982 2600 Roman.
1018 2567 1097 2600 rell.
1125 2579 1158 2611 p.
1187 2570 1219 2611 5)
1254 2568 1291 2602 in
1317 2568 1521 2603 Turonensi
1554 2569 1601 2603 ad
1634 2571 1721 2603 Aen.
1750 2569 1812 2602 Vll

124 2621 191 2652 803
219 2617 270 2652 310
296 2617 485 2662 adscripta
510 2622 596 2654 sunt
624 2618 790 2663 ‘quidam
816 2618 963 2653 uolscos
990 2619 1142 2654 tradunt
1173 2621 1381 2665 appellatos
1408 2633 1429 2655 a
1456 2623 1584 2656 uolsco
1612 2621 1815 2656 antifatelis

124 2669 280 2715 trigonis
306 2670 395 2707 filio,
435 2671 556 2706 fabius
583 2671 723 2706 colchis
755 2673 942 2716 profectos
975 2674 1146 2717 corrupto
1173 2674 1320 2708 nomine
1348 2686 1476 2709 uoscos
1502 2675 1709 2719 appellatos
1736 2674 1815 2708 ait⁷.

218 2725 252 2767 3)
273 2723 456 2759 efiadnot.
485 2725 562 2760 crit.
591 2725 636 2760 ad
654 2728 739 2761 Aen.
756 2726 806 2760 ΠΙ
821 2731 900 2770 537,
929 2730 1006 2760 552.
1046 2725 1095 2759 IV
1112 2730 1191 2770 521,
1219 2731 1296 2763 694.
1338 2728 1438 2762 V30.
1484 2728 1529 2761 ad
1555 2727 1603 2760 Xl
1632 2731 1695 2761 741
1724 2727 1815 2760 haec

126 2775 165 2810 in
191 2776 395 2811 Turonensi
431 2777 608 2812 adnotata
640 2782 740 2814 sunt:
783 2779 944 2823 ‘praeter
979 2777 1173 2813 historiam
1208 2778 1309 2814 illam
1345 2792 1453 2825 quam
1488 2780 1532 2813 dc
1567 2780 1720 2814 Caesare
1748 2779 1816 2813 hoc

126 2830 208 2864 loco
240 2833 420 2865 memorat
451 2831 598 2866 Servius
631 2831 744 2866 aliam
777 2831 889 2866 etiam
922 2831 1130 2866 invenimus
1165 2843 1208 2866 ex
1240 2845 1313 2877 qua
1345 2832 1627 2866 similitudinem
1660 2831 1818 2875 sumpsit

125 2881 317 2927 Virgilius.
368 2883 484 2918 Varro
512 2883 609 2918 enim
637 2895 718 2918 cum
745 2884 790 2918 de
822 2895 887 2918 suo
915 2883 1135 2929 cognomine
1163 2885 1371 2930 disputaret
1390 2885 1458 2920 ait'
1488 2896 1518 2919 e.
1545 2898 1577 2928 q.
1606 2897 1632 2919 s.
1678 2884 1723 2917 ad
1751 2885 1813 2918 ΧΗ

129 2939 195 2969 118
224 2935 450 2970 ‘communes
478 2936 530 2970 dii
556 2939 704 2982 praeter
734 2937 805 2970 hoc
841 2938 939 2981 quod
973 2937 1119 2972 Servius
1158 2937 1346 2983 intellegit
1383 2939 1537 2982 possunt
1575 2937 1694 2981 accipi
1726 2948 1817 2981 quos

127 2988 372 3023 communiter
396 2988 606 3025 invocaturi
631 2990 748 3024 erant.
799 2991 865 3024 aut
901 2990 1187 3025 ‘communibus'
1225 2991 1410 3026 amicitiae
1448 2992 1484 3024 et
1519 2990 1707 3024 focdcris’.
1735 2990 1818 3025 aliis

127 3040 218 3075 locis
245 3040 367 3085 siquid
394 3052 412 3076 e
437 3041 607 3077 breviore
634 3041 899 3077 commentario
927 3043 1154 3087 adscriptum
1180 3045 1236 3077 est
1262 3043 1300 3076 id
1326 3043 1452 3087 aperte
1480 3041 1605 3076 Servio
1632 3041 1816 3085 tribuitur,

128 3093 246 3129 veluti
271 3094 303 3129 V
330 3098 396 3129 468
426 3094 668 3140 ‘hyppallagc
708 3098 764 3130 est
804 3097 844 3130 ut
877 3095 1024 3131 Servius
1060 3095 1187 3140 dieiff,
1215 3097 1263 3131 VI
1290 3100 1357 3130 437
1399 3095 1561 3131 ‘Servius
1595 3095 1686 3131 dicit
1720 3098 1818 3140 quod

129 3146 308 3182 Homerus
334 3148 472 3181 narrat’
501 3159 531 3182 0.
559 3160 591 3193 q.
620 3161 645 3183 s.

202 3211 299 3237 Servii
318 3220 422 3239 comm.
444 3213 510 3239 Vol.
530 3214 554 3241 I.
583 3214 671 3241 Fase.
693 3214 733 3239 11.
1518 3218 1535 3241 e
