2204 3437
852 172 1136 207 PRAEFATIO.
1664 171 1830 206 XXXVII

140 286 183 325 et
204 283 415 325 Isidorum
438 282 750 337 Hispalensem.
784 285 910 336 atque
940 295 960 322 e
991 280 1300 335 mythograp
1311 281 1491 321 horum
1519 280 1688 333 scriptis
1708 281 1835 334 primi

139 355 271 396 solius
307 354 440 395 libros
475 369 569 396 cum
609 353 744 395 Servii
785 351 1092 394 commentario
1126 351 1367 392 accuratius
1400 365 1647 404 comparare
1681 366 1833 404 operae

136 425 322 479 pretium
356 428 431 466 est.
487 424 694 466 secundus
736 423 847 464 enim
881 437 905 463 a
936 422 1075 477 primo
1109 423 1313 476 pleraque
1344 422 1516 475 petivit,
1554 436 1688 475 pauca
1728 437 1833 476 quae

137 496 189 538 ab
224 511 271 538 eo
305 497 465 538 omissa
504 510 594 538 esse
633 494 807 536 videbat
845 508 865 534 e
905 492 1041 534 Servii
1082 492 1215 546 copiis
1256 492 1431 533 addidit.
1488 492 1641 533 tertius
1682 495 1834 546 autem,

136 567 208 621 qui
241 581 336 608 cum
368 567 426 622 (2,
447 567 474 608 4
505 582 543 621 p.
581 566 661 607 159
694 563 831 619 Bode)
861 565 1065 605 Ioannem
1093 562 1267 605 Scotum
1300 562 1556 616 laudaverit,
1589 562 1657 603 vix
1690 566 1835 615 potest

136 640 234 679 ante
268 637 479 679 decimum
514 636 732 678 saeculum
766 635 1008 689 scripsisse,
1041 635 1121 675 etsi
1155 633 1348 676 Servium
1376 634 1526 675 multis
1560 633 1665 675 locis
1699 634 1832 674 nomi-

136 708 274 763 navit,
313 711 457 749 tamen
490 706 541 748 ad
579 706 705 747 huius
746 705 911 747 scholia
951 705 1004 746 ab
1045 705 1228 746 aliorum
1268 705 1521 746 commentis
1562 705 1834 745 discernenda

136 793 223 820 non
265 779 361 833 plus
409 776 678 818 auctoritatis
723 776 852 818 habet
904 790 1031 830 quam
1076 775 1293 816 breviores
1340 776 1502 817 codices
1545 775 1619 816 1110
1666 775 1833 817 saeculo

137 849 300 903 scripti.
344 848 507 903 primus
534 847 667 902 igitur
693 846 1059 901 mythographus,
1087 846 1205 887 cuius
1234 849 1350 887 aetas
1378 847 1542 888 incerta
1575 850 1638 888 est
1652 845 1700 901 ¹),
1728 862 1833 901 quac

139 936 159 961 e
194 919 332 962 Servii
365 918 684 961 commentariis
719 917 962 971 exscripsit,
1002 932 1051 958 ea
1085 932 1180 958 cum
1219 917 1405 971 vulgatis
1439 917 1581 971 libris,
1619 932 1705 958 11011
1739 932 1830 958 cum

134 991 400 1045 plenioribus
442 989 681 1031 consentire
733 988 886 1030 solent.
951 988 1061 1042 quod
1104 991 1152 1028 ut
1201 988 1407 1041 exemplis
1451 988 1742 1041 confirmetur,
1784 1003 1833 1028 ex

136 1062 266 1116 primi
298 1060 513 1102 Aeneidos
547 1060 648 1100 libri
681 1059 988 1101 commentario
1024 1074 1094 1099 eas
1123 1058 1290 1100 fabulas
1319 1073 1567 1112 expromere
1598 1059 1757 1112 placet,
1790 1059 1833 1099 111

135 1132 288 1187 quibus
317 1130 565 1173 enarrandis
593 1130 953 1185 mythographus,
981 1128 1174 1171 Servium
1199 1132 1381 1184 secutus,
1408 1129 1576 1170 brevior
1602 1129 1685 1170 fuit
1705 1145 1830 1183 quam

130 1203 205 1244 ille
259 1202 331 1257 qui
376 1201 610 1255 pleniorem
657 1201 1012 1242 commentarium
1058 1200 1310 1254 composuit.
1383 1200 1656 1241 conferantur
1701 1201 1833 1254 igitur

135 1274 248 1314 inter
281 1287 324 1314 se
358 1273 487 1314 schol.
522 1272 573 1313 ad
605 1287 642 1313 v.
677 1272 729 1313 67
765 1274 807 1312 et
840 1271 924 1312 fab.
961 1271 1063 1324 122,
1097 1270 1149 1311 ad
1182 1286 1218 1311 17.
1247 1271 1331 1312 273
1366 1273 1407 1311 et
1440 1270 1466 1310 f.
1493 1271 1567 1324 30,
1601 1271 1651 1311 ad
1686 1286 1720 1311 v.
1746 1271 1830 1312 469

132 1352 174 1386 et
206 1344 232 1386 f.
269 1344 371 1394 203,
405 1344 457 1384 ad
489 1358 526 1384 v.
548 1343 632 1384 489
667 1344 709 1383 et
741 1342 768 1382 f.
794 1342 894 1396 139,
930 1342 981 1383 ad
1020 1357 1055 1382 v.
1090 1342 1174 1383 535
1209 1344 1250 1382 et
1284 1341 1309 1383 f.
1343 1342 1419 1395 32,
1459 1341 1509 1382 ad
1542 1357 1579 1382 V.
1612 1342 1698 1382 550
1731 1344 1772 1382 et
1805 1344 1831 1382 f.

136 1416 236 1469 137,
269 1414 321 1456 ad
361 1430 397 1455 v.
430 1414 516 1455 570
548 1416 591 1454 et
628 1413 655 1454 f.
695 1413 770 1467 53,
813 1413 864 1453 ad
897 1428 937 1453 v.
970 1412 1054 1454 693
1089 1415 1130 1453 et
1162 1412 1189 1452 f.
1223 1413 1290 1453 34.
1342 1412 1506 1453 duobus
1547 1414 1689 1453 autem
1728 1413 1831 1453 locis

132 1485 476 1541 mythographus
511 1485 686 1526 exhibet
719 1499 826 1539 quae
854 1484 898 1525 in
930 1484 1123 1538 pleniore
1151 1484 1262 1525 libro
1291 1486 1457 1536 extant,
1489 1484 1533 1523 111
1565 1484 1831 1524 brevioribus

131 1556 446 1598 desiderantur:
485 1571 585 1597 nam
626 1558 668 1596 et
700 1555 913 1598 Chelones
953 1555 1100 1596 fabula
1134 1554 1257 1610 (101)
1302 1554 1345 1595 in
1381 1569 1461 1595 11110
1497 1553 1745 1595 Cassellano
1780 1554 1830 1594 ad

133 1643 170 1669 v.
204 1627 289 1669 505
335 1627 552 1681 adscripta
596 1629 661 1667 est
699 1628 742 1667 et
781 1641 887 1680 quae
930 1626 1014 1666 fab.
1059 1626 1139 1667 138
1181 1625 1409 1667 Servianae
1449 1626 1498 1666 de
1538 1625 1690 1667 Teucri
1729 1626 1830 1667 tatis

129 1699 370 1740 narrationi
402 1699 563 1739 inserta
596 1700 697 1739 sunt
731 1712 826 1738 cum
860 1696 1102 1738 Cassellani
1142 1697 1193 1737 ad
1236 1712 1272 1737 17.
1307 1697 1390 1737 619
1431 1696 1721 1738 additamento
1761 1698 1832 1738 ali—

132 1770 231 1824 quid
277 1769 572 1810 similitudinis
617 1768 790 1810 habent.
840 1770 991 1809 neutro
1036 1770 1182 1808 tamen
1220 1768 1312 1809 loco
1353 1767 1719 1822 mythographum
1759 1771 1831 1809 aut

131 1840 353 1895 amplioris
381 1840 675 1882 commentarii
702 1841 921 1880 auctorem
950 1837 1095 1880 Servio
1118 1854 1194 1880 sua
1211 1839 1363 1881 debere
1391 1839 1588 1880 concedo.
1615 1839 1702 1879 scio
1731 1839 1829 1893 quid

133 1910 381 1965 responderi
413 1910 570 1963 possit:
611 1910 663 1950 ad
704 1925 741 1951 v.
774 1910 861 1951 505
898 1910 1002 1964 ipsis
1042 1912 1194 1963 poetae
1232 1910 1374 1951 verbis
1414 1909 1576 1950 ‘media
1614 1910 1829 1950 testudim¹

129 1980 301 2036 templi’
335 1981 387 2022 a‘d
420 1980 715 2035 exponendam
749 1979 963 2022 Chelones
990 1981 1181 2022 fabulam
1215 1981 1495 2034 interpretem
1528 1983 1694 2021 motum
1727 1995 1830 2028 esse,

129 2056 173 2096 in
204 2053 396 2096 oratione
428 2053 536 2093 nihil
570 2052 755 2094 inveniri
782 2052 893 2106 quod
922 2067 946 2093 a
973 2050 1109 2093 Servii
1136 2052 1444 2093 consuetudine
1473 2051 1715 2105 abhorreat,
1742 2052 1830 2092 vul-

131 2127 281 2180 gatum
327 2123 535 2165 scholium
581 2124 638 2178 (p.
681 2124 780 2177 157,
817 2122 1018 2178 18—20)
1064 2123 1205 2164 verbis
1252 2138 1357 2177 quae
1405 2125 1503 2163 sunt
1551 2122 1651 2163 ‘hoc
1697 2136 1829 2176 genus

130 2194 340 2237 fabricae’
375 2210 406 2235 c.
436 2209 472 2248 q.
507 2209 536 2235 0.
574 2193 631 2250 (p.
660 2194 758 2247 158,
779 2193 823 2249 8)
856 2208 942 2235 non
974 2194 1117 2247 inepte
1151 2193 1411 2243 continuari,
1444 2193 1556 2234 inter
1590 2192 1829 2234 Cassellani

131 2269 174 2308 et
205 2265 517 2321 mythographi
550 2265 679 2306 verba
713 2280 806 2306 eam
840 2279 932 2306 esse
959 2264 1282 2306 similitudinem
1311 2279 1418 2318 quae
1453 2264 1547 2305 aliis
1580 2264 1685 2305 locis
1718 2265 1830 2305 inter

130 2338 256 2379 huius
284 2339 326 2378 et
348 2335 481 2377 Servii
502 2336 773 2378 narrationes
801 2335 1152 2389 deprehendatur.
1203 2338 1247 2376 at
1272 2335 1377 2376 haec
1405 2338 1658 2390 argumenta
1686 2350 1828 2389 quam-

128 2409 191 2449 vis
225 2408 349 2449 firma
383 2407 625 2460 videantur,
667 2422 710 2447 re
751 2421 852 2448 vera
890 2409 1035 2448 tamen
1067 2421 1152 2448 11011
1195 2421 1285 2447 0000
1325 2406 1500 2456 idonea,
1540 2406 1692 2460 quibus
1736 2405 1828 2446 Ser-

128 2478 243 2519 vium
275 2478 587 2533 mythographi
621 2479 841 2519 auctorem
872 2477 1004 2518 fuisse
1033 2477 1325 2530 confirmetur,
1357 2477 1438 2518 hoc
1467 2476 1661 2530 exemplo
1690 2478 1828 2517 osten—

130 2548 254 2590 ditur.
304 2549 463 2591 etenim
503 2548 770 2590 simillimum
811 2562 1063 2589 consensum
1111 2548 1223 2589 inter
1261 2548 1453 2589 fabulam
1495 2547 1548 2588 75
1588 2551 1629 2587 et
1668 2546 1827 2587 Floria-

131 2634 254 2661 cense
294 2620 346 2661 ad
380 2621 483 2662 Aen.
515 2619 577 2661 IV
617 2620 672 2660 99
713 2619 923 2660 scholium
962 2619 1107 2674 habes,
1147 2619 1259 2674 quod
1293 2619 1346 2660 ad
1381 2618 1574 2660 Servium
1612 2632 1697 2658 non
1737 2632 1827 2658 esse

129 2691 396 2732 referendum
429 2691 553 2732 certis
588 2690 852 2745 argumentis
888 2689 1022 2731 evinci
1053 2693 1209 2744 potest.
1260 2691 1295 2732 is
1329 2691 1441 2731 enim
1475 2689 1527 2730 ad
1560 2688 1709 2729 Aen.I
1743 2690 1822 2729 651

130 2763 177 2802 ut
221 2761 390 2803 doceret
436 2776 509 2802 cur
548 2760 869 2816 ‘Hymenaeos’
907 2763 1037 2814 poeta
1074 2776 1152 2815 pro
1191 2762 1353 2816 nuptiis
1392 2761 1588 2812 dixisset,
1627 2760 1822 2813 quoniam

129 2831 259 2872 aliam
291 2832 340 2872 de
373 2831 625 2885 Hymenaeo
660 2831 909 2872 memoriam
948 2834 1170 2886 tamquam
1202 2831 1360 2872 falsam
1398 2830 1621 2883 refutavit,
1661 2845 1709 2869 ex
1749 2830 1824 2870 illa

128 2902 276 2944 fabula
319 2916 426 2956 quae
470 2903 593 2944 utilia
639 2902 893 2944 videbantur
935 2902 1213 2956 deprompsit.
1274 2903 1324 2943 de
1370 2902 1496 2943 rebus
1538 2903 1681 2941 autem
1721 2914 1824 2953 quas

216 3067 248 3106 1)
275 3064 319 3099 cf.
346 3064 446 3099 ssode
473 3064 598 3110 script.
626 3076 704 3100 101.7
722 3065 836 3109 myth.
865 3065 978 3110 praef.
1006 3078 1039 3110 p.
1069 3065 1184 3108 XVII,
1211 3064 1303 3098 Zink
1340 3063 1384 3097 de
1411 3061 1608 3107 Fulgentio
1636 3062 1821 3107 mythogr.

121 3129 157 3162 p.
186 3121 245 3162 15,
272 3117 482 3162 lungmann
507 3118 648 3162 quaest.
676 3117 845 3163 Fulgent.
873 3117 911 3151 in
937 3117 1028 3152 actis
1056 3129 1126 3152 soc.
1154 3116 1244 3161 phil.
1273 3115 1370 3161 Lips.
1400 3117 1414 3149 1
1448 3127 1482 3159 p.
1510 3120 1554 3150 50
1581 3128 1631 3159 sq.
