2204 3437
378 154 438 188 XL
1076 154 1356 190 PRAEFATIO.

381 262 484 303 doro
528 262 720 305 adhibita
761 279 851 306 esse
890 264 1112 306 ostendam
1154 264 1204 306 de
1244 264 1391 318 paucis
1433 263 1644 318 originum
1684 264 1789 306 locis
1830 265 2068 307 accuratius

380 333 680 387 disputandum
724 337 789 376 est
829 335 900 390 qui
940 335 1000 376 ita
1038 334 1263 389 compositi
1303 337 1419 388 sunt,
1460 337 1508 375 ut
1548 334 1674 376 facile
1715 335 1809 389 quis
1851 338 1893 376 et
1934 334 2068 378 Servii

381 403 587 446 scholium
621 408 662 446 et
694 406 769 447 illa
802 406 1015 461 exscripta
1048 420 1138 447 esse
1173 406 1287 447 dicat
1319 420 1425 460 quae
1457 406 1501 446 in
1527 405 1789 459 plenioribus
1823 406 1945 448 libris
1973 421 2067 448 cum

381 490 429 516 eo
462 476 687 517 coniuncta
721 480 829 518 sunt.
881 479 1007 532 atque
1042 491 1148 532 quae
1180 476 1369 518 Isidorus
1397 491 1455 518 or.
1482 475 1501 516 Ι
1527 476 1602 530 43,
1634 476 1662 517 4
1693 475 1742 517 de
1776 477 1994 518 annalium
2027 480 2070 519 et

380 546 585 588 historiae
620 546 856 589 differentia
888 548 995 590 dixit
1026 549 1132 589 iuter
1168 547 1381 589 historiam
1412 550 1546 588 autem
1577 550 1614 588 cb
1643 547 1816 589 annales
1845 547 1919 589 hoc
1949 549 2070 589 inter-

382 620 438 658 est
467 619 573 670 quod
601 618 772 660 historia
798 623 853 661 est
883 632 1021 660 corum
1057 622 1278 672 temporum
1304 632 1404 671 quac
1429 619 1623 671 vidimus,
1654 617 1826 659 annales
1856 632 1946 660 vero
1977 622 2073 660 suut

380 702 519 729 eorum
539 702 743 730 {umorum
763 704 861 742 quos
880 693 991 731 aetas
1011 693 1148 731 nostra
1175 703 1257 730 uon
1282 689 1409 730 uouit:
1442 689 1547 730 uude
1566 688 1792 731 Sallustius
1816 702 1865 730 ex
1889 689 2072 744 historia,

382 759 525 800 Livius
538 758 566 812 ¹)
599 759 800 801 Eusebius
832 763 868 801 el
898 759 1177 813 Hieronymus
1203 773 1250 800 cx
1275 759 1496 801 annalibus
1520 763 1557 800 cl
1585 759 1758 800 historia
1789 763 1987 813 constant,
2019 775 2068 801 ea

383 844 431 870 cx
465 828 601 870 Servii
634 830 685 870 ad
720 829 822 871 Aen.
855 830 874 870 I
907 830 991 871 373
1025 829 1190 870 scholio
1224 829 1395 870 fluxisse
1435 829 1641 871 videntur.
1693 844 1792 870 nam
1830 845 1938 885 quae
1977 830 2071 873 Ser-

383 900 475 941 vius
510 899 569 954 (p.
608 900 705 954 1223,
738 898 812 955 20)
845 900 894 940 de
927 900 1132 941 historiae
1164 899 1348 941 nominis
1376 900 1540 954 origine
1567 901 1710 942 docuit
1742 901 1850 942 (licta
1879 897 1965 943 ἀπὸ
1992 902 2072 943 τοῦ

383 971 576 1025 ι’στορεῖν
611 972 653 1012 id
681 975 739 1012 cst
768 972 899 1012 videre
932 971 1044 1025 quod
1079 970 1162 1012 alio
1196 971 1289 1011 loco
1324 970 1361 1026 (Ι
1394 970 1467 1024 40,
1505 969 1545 1024 1)
1584 972 1637 1012 ab
1669 971 1834 1013 Isidoro
1868 972 2074 1014 collocata

382 1045 497 1096 sunt,
539 1042 580 1083 id
624 1056 708 1083 non
750 1042 954 1083 abhorret
997 1041 1048 1082 ab
1092 1041 1180 1082 eius
1223 1040 1539 1082 consuetudine.
1594 1057 1731 1097 neque
1768 1043 1875 1084 illud
1918 1043 2074 1087 mirum

384 1128 474 1154 csse
506 1115 650 1166 potest
682 1113 792 1167 quod
827 1111 1081 1153 Sallustium
1115 1127 1138 1153 a
1171 1111 1318 1153 Servio
1352 1112 1556 1153 omissum
1590 1114 1769 1168 exempli
1803 1128 1931 1155 causa
1963 1129 2073 1156 com«

384 1184 656 1225 memoravit:
690 1184 778 1225 eius
813 1183 923 1223 0111111
957 1183 1089 1224 libros
1122 1183 1214 1236 ipse
1248 1183 1355 1236 legit
1388 1184 1430 1223 et
1461 1184 1686 1238 exscripsit
1725 1183 1794 1239 (cf.
1834 1183 2074 1226 Dresselius

382 1255 407 1295 l.
441 1254 467 1295 l.
499 1269 538 1307 p.
571 1254 655 1295 218
689 1252 811 1309 sqq.)⁸
868 1269 1002 1308 neque
1041 1256 1185 1294 tamen
1224 1253 1457 1308 integriore
1498 1242 1653 1295 Servii
1675 1256 1905 1309 exemplari
1942 1256 2073 1297 Isido—

383 1340 476 1366 rum
512 1340 635 1366 usum
669 1339 759 1366 esse
793 1325 976 1366 concedo
1011 1325 1122 1379 quod
1155 1325 1198 1365 in
1233 1325 1293 1365 eis
1322 1339 1427 1379 quae
1454 1325 1502 1365 de
1529 1325 1633 1379 ipsis
1661 1326 1887 1367 annalibus
1916 1328 1958 1367 et
1982 1327 2076 1380 ipsa

383 1396 565 1437 historia
597 1396 669 1449 43,
704 1398 729 1437 ὃ
762 1399 803 1437 et
836 1397 862 1436 4
894 1396 950 1437 in.
990 1396 1237 1449 exposuerit
1276 1395 1480 1448 quaedam
1518 1395 1792 1437 inveniantur
1830 1411 1937 1450 quae
1975 1396 2076 1439 Cas-

386 1467 546 1507 sellano
580 1467 631 1508 ad
664 1482 699 1507 v.
733 1468 817 1508 373
852 1467 1014 1507 scholio
1047 1481 1133 1507 non
1159 1466 1385 1507 dissimilia
1418 1464 1558 1521 sint.²)
1608 1467 1738 1508 immo
1767 1481 1815 1507 ea
1842 1481 1948 1521 quae
1976 1466 2077 1509 Cas--

385 1538 570 1579 sellanus
604 1552 710 1578 unus
743 1537 901 1578 habeat
938 1553 962 1578 a
996 1536 1142 1578 Servio
1176 1536 1367 1590 profecta
1407 1551 1499 1578 esse
1539 1537 1800 1578 confidenter
1831 1552 1954 1593 nego.
2005 1539 2076 1593 qui

385 1623 478 1649 cum
510 1623 586 1662 pro
619 1608 801 1649 historia
834 1608 1009 1649 annales
1037 1607 1277 1661 Vergilium
1303 1608 1497 1661 posuisse
1530 1611 1717 1663 censeat,
1750 1609 1876 1662 plane
1910 1612 2076 1651 contra-

384 1679 492 1720 rium
526 1681 591 1720 est
641 1680 751 1732 quod
791 1679 897 1720 alter
937 1678 1189 1720 scholiastes
1228 1677 1322 1719 ideo
1366 1678 1540 1719 annales
1574 1694 1598 1719 a
1629 1681 1758 1732 poeta
1795 1679 1965 1721 Aeneae
2004 1681 2076 1722 tri-

385 1750 509 1791 butos
543 1764 632 1791 esse
666 1750 788 1791 docet
821 1750 932 1804 quod
965 1750 1000 1790 is
1034 1752 1255 1803 tamquam
1287 1749 1481 1803 pontifex
1508 1750 1718 1791 maximus
1751 1751 1894 1792 induci
1927 1752 2076 1806 soleat,

386 1836 410 1862 a
442 1836 524 1875 quo
558 1821 764 1862 maximos
799 1821 971 1862 annales
1005 1820 1220 1861 confectos
1260 1834 1350 1861 esse
1389 1822 1567 1862 constet.
1617 1821 1722 1862 haec
1761 1836 1810 1862 ex
1848 1821 1957 1864 libro
1989 1822 2077 1877 illo,

387 1892 502 1933 cuius
525 1894 821 1947 argumentum
844 1907 883 1946 p.
904 1891 1070 1931 XXVII
1097 1890 1351 1932 adumbrare
1379 1893 1554 1932 conatus
1582 1906 1692 1945 sum,
1717 1892 1854 1946 petita
1880 1907 1970 1934 esse
1991 1892 2078 1934 Ma-

387 1963 519 2004 crobii
552 1963 709 2016 verbis,
743 1977 849 2016 quae
883 1961 1122 2015 Sat.1112‚
1146 1962 1195 2002 17
1224 1961 1374 2015 habes,
1407 1962 1656 2004 ostenditur.
1706 1964 2078 2017 praestantissima

388 2037 531 2075 autem
572 2034 649 2074 illa
689 2033 738 2074 de
781 2033 999 2074 annalium
1033 2032 1389 2074 conficiendorum
1430 2032 1598 2074 ratione
1641 2034 1846 2076 memoria
1885 2049 1973 2076 non
2013 2036 2078 2076 est

389 2106 440 2146 ad
474 2120 567 2146 eum
600 2105 739 2158 ipsum
772 2104 842 2159 qui
875 2104 1033 2144 librum
1066 2103 1186 2145 illum
1221 2104 1459 2157 composuit
1499 2103 1736 2157 referenda,
1775 2104 1848 2145 sed
1886 2105 1938 2145 ad
1971 2105 2078 2146 anti-

390 2177 582 2231 quiorem
615 2174 823 2229 quendam
858 2174 1126 2227 scriptorem,
1159 2189 1241 2229 quo
1268 2174 1304 2215 is
1331 2176 1552 2229 tamquam,
1577 2177 1686 2216 teste
1719 2189 1820 2216 usus
1854 2178 1931 2216 est.
1981 2190 2077 2217 eun-

390 2247 484 2288 dem
518 2247 570 2287 ab
610 2245 763 2287 Isidori
804 2248 994 2299 auctore,
1027 2260 1112 2286 non
1151 2245 1203 2286 ab
1242 2245 1334 2300 ipso
1374 2245 1537 2287 Isidoro
1576 2246 1815 2287 adhibitum
1854 2246 1945 2288 esse
1983 2261 2078 2301 pro-

390 2318 589 2360 babiliter
617 2317 758 2358 videor
786 2317 985 2357 conicere.
1035 2318 1171 2357 restat
1197 2318 1243 2356 ut
1270 2330 1599 2359 commemorem
1627 2317 1675 2358 de
1702 2317 1942 2358 discrimine
1969 2318 2081 2372 quod

392 2390 503 2430 inter
534 2388 762 2429 historiam
796 2390 837 2428 et
869 2389 1169 2441 argumentum
1202 2390 1244 2428 et
1276 2387 1466 2428 fabulam
1493 2402 1585 2429 esse
1610 2388 1805 2429 rhetores
1839 2377 2082 2430 statuerunt

392 2458 461 2516 (cf.
484 2459 642 2501 Cornif.
675 2459 782 2500 rhet.
815 2459 866 2499 ad
900 2456 943 2499 C.
976 2457 1161 2498 Herenn.
1194 2457 1214 2498 I
1247 2458 1284 2510 8,
1321 2458 1372 2498 1:³3
1407 2460 1448 2499 et
1481 2457 1566 2500 Cic.
1599 2459 1634 2500 d.
1667 2458 1825 2499 invent.
1852 2458 1871 2499 I
1897 2459 1962 2513 19,
1993 2459 2081 2515 27),

392 2531 516 2572 aliter
550 2530 794 2584 praecipere
829 2528 1020 2570 Servium
1055 2528 1106 2568 ad
1141 2527 1244 2569 Aen.
1277 2527 1297 2568 I
1329 2528 1434 2581 5235,
1472 2528 1598 2570 aliter
1636 2528 1848 2570 Isidorum
1880 2529 1900 2570 I
1932 2530 2009 2584 43,
2041 2531 2081 2571 4.

492 2676 522 2717 1)
552 2675 611 2708 ‘cx
637 2674 793 2709 historia
819 2673 959 2708 Livius’
991 2684 1008 2707 0
1035 2673 1191 2718 palmari
1216 2672 1392 2708 Dresselii
1419 2668 1630 2708 coniectura
1656 2673 1759 2718 dedi,
1795 2675 1853 2709 ‘ex
1879 2673 2082 2709 historiali-

394 2729 476 2762 bus’
508 2726 638 2761 Isidori
666 2727 809 2762 codices
836 2726 1021 2760 exhibent.
1119 2728 1153 2769 2‘)
1182 2726 1312 2762 Isidori
1344 2728 1459 2762 verba
1490 2729 1573 2762 sunt
1606 2727 1932 2772 ‘quaecumque
1965 2728 2081 2763 enim

393 2781 529 2825 digna
555 2779 793 2814 memoriae
828 2778 943 2813 domi
970 2778 1260 2822 militiaeque
1293 2780 1405 2814 mari
1441 2792 1488 2815 00
1514 2783 1665 2815 terrae
1691 2791 1757 2824 per
1782 2792 1896 2815 annos
1922 2779 1960 2814 in
1986 2792 2082 2815 com-

396 2833 586 2868 mentariis
612 2834 695 2867 acta
715 2834 815 2874 sunt,
844 2832 889 2865 ab
911 2832 1168 2865 anniversariis
1189 2833 1303 2876 gestis
1325 2834 1476 2867 annales
1497 2832 1744 2867 nominantur.
1783 2831 1939 2867 historia
1959 2835 2083 2868 autom

395 2887 594 2921 multorum
622 2896 800 2919 annorum
827 2885 884 2918 vel
912 2887 1118 2928 temporum
1153 2887 1225 2927 est,
1260 2885 1385 2920 Cuius
1417 2885 1671 2930 diligentia
1702 2884 1836 2919 annui
1863 2896 2081 2920 commen-

395 2939 503 2973 tarii
533 2939 574 2972 in
601 2938 733 2972 libris
759 2937 904 2972 delati
939 2938 1062 2970 sunt'
1099 2949 1180 2971 cum
1212 2938 1269 2972 his
1297 2950 1314 2971 0
1344 2940 1554 2974 Cassellano
1589 2938 1729 2972 scholio
1762 2937 1969 2982 comparari
2001 2949 2084 2982 pos—

398 2994 482 3026 sunt
516 2992 607 3026 111100
635 2991 746 3025 verba
777 2993 824 3035 (p.
855 2994 938 3033 126,
965 2995 984 3023 5
1013 2992 1104 3033 sqq.)
1140 2989 1274 3034 ‘digna
1306 2993 1513 3026 memoratu
1546 2992 1675 3026 notare
1710 2992 1951 3025 consueverat
1984 2989 2082 3025 domi

400 3044 627 3087 militiaeque
661 3046 758 3078 terra
790 3042 955 3087 marique
989 3043 1096 3087 gesta
1128 3055 1192 3087 per
1224 3044 1388 3088 singulos
1424 3044 1511 3078 dies.
1564 3043 1666 3079 cuius
1699 3043 1913 3088 diligentiae
1944 3053 2085 3077 annuos

397 3097 677 3133 commentarios
705 3096 741 3129 in
769 3094 960 3139 octoginta
988 3094 1100 3129 libros
1126 3097 1267 3131 veteres
1294 3097 1513 3131 retulerunt'
1544 3109 1572 3131 e.
1603 3109 1635 3140 q.
1663 3109 1688 3131 5.
