2132 3354
267 132 384 167 XXVI
967 127 1252 164 PRAEFATIO.

268 241 411 294 capita
442 239 587 281 XVIII
610 255 700 294 sqq.
732 240 776 280 in
809 253 930 280 suum
963 252 1085 278 usum
1117 236 1338 289 convertit,
1370 234 1569 288 reliquos,
1601 233 1754 288 quibus
1787 232 1957 288 quidem

268 311 317 352 de
350 310 611 365 Vergiliauis
645 310 769 351 rebus
804 309 964 363 agitur,
995 307 1214 363 neglexit?
1273 305 1432 347 etenim
1465 319 1515 346 ex
1546 304 1615 345 his
1648 304 1880 358 quidquam
1912 305 1960 345 in

267 381 516 423 Danielinos
551 381 715 422 codices
747 379 1075 433 transscriptum
1102 392 1193 419 esse
1219 391 1306 418 non
1331 377 1475 430 potest
1500 375 1666 416 idoneis
1694 375 1958 429 argumentis

268 453 452 506 probari.
506 453 555 493 cf.
577 454 736 506 quaest.
759 450 873 492 Serv.
894 466 933 504 p.
953 450 1020 491 48.
1053 449 1234 503 denique
1267 451 1315 489 ut
1348 461 1444 488 eum
1477 445 1549 500 qui
1580 445 1814 499 pleniorem
1847 459 1958 486 com-

269 523 523 564 mentarium
564 521 803 575 composuit
841 521 893 561 ab
934 519 1080 561 eodem
1119 533 1202 574 quo
1234 517 1501 559 Macrobium
1541 519 1713 557 auctore
1747 530 1823 557 sua
1854 516 1959 569 peti-

268 594 379 634 visse
425 593 761 634 demonstrarem
807 591 919 645 quod
964 591 1084 631 illum
1130 589 1179 630 de
1219 588 1351 630 sacris
1390 587 1517 628 rebus
1557 587 1691 628 multo
1729 586 1856 640 plura
1892 601 1960 627 ex-

268 664 529 718 prompsisse
571 663 656 704 dixi
698 676 822 716 quam
856 661 1141 710 Macrobium,
1175 659 1216 700 id
1248 658 1403 700 Linkio
1436 657 1596 699 nullius
1630 657 1836 698 momenti
1868 671 1961 698 esse

269 735 408 775 visum
442 737 523 788 est,
569 734 668 788 quia
700 732 819 773 tertii
852 730 1195 773 Saturnaliorum
1228 730 1329 771 libri
1362 729 1477 770 haud
1511 729 1666 783 exigua
1697 743 1796 782 pars
1829 729 1959 769 inter-

267 805 376 846 ierit.
427 819 511 845 non
545 807 648 857 puto
683 818 765 858 quo
798 806 989 856 tempore
1023 801 1294 856 quaestiones
1328 799 1553 841 Servianas
1587 799 1832 854 scripserim
1865 813 1958 840 eam

267 891 356 916 rem
396 891 420 917 a
458 890 524 916 me
561 875 803 930 neglect-am
843 888 951 914 esse:
1001 888 1101 914 nam
1140 872 1265 925 plura
1296 870 1541 926 profectos)
1576 871 1627 912 ad
1661 885 1757 912 eum
1789 855 1960 924 librum,

269 961 350 1001 quo
396 949 444 987 ut
475 946 717 987 Macrobius
763 946 823 986 ita
865 945 1070 999 plenioris
1117 942 1412 984 commentarii
1458 944 1606 984 auctor
1647 941 1816 983 videtur
1857 954 1959 981 usus

271 1031 373 1071 esse,
406 1019 501 1070 apte
535 1017 789 1068 referuntur,
822 1030 947 1068 quam
980 1017 1027 1056 ut
1058 1014 1248 1055 hiatibus
1276 1014 1348 1068 qui
1374 1013 1417 1054 in
1445 1013 1585 1067 prima
1611 1014 1653 1053 et
1678 1010 1818 1052 media
1843 1010 1961 1051 tertii

269 1087 610 1129 Saturnaliorum
642 1086 741 1127 libri
774 1088 895 1139 parte
929 1088 1039 1138 sunt,
1072 1085 1214 1126 onmia
1245 1083 1401 1125 hausta
1433 1097 1524 1124 esse
1556 1082 1645 1123 veri
1677 1080 1818 1122 simile
1851 1081 1917 1121 sit.

385 1156 490 1198 Cum
523 1156 731 1198 Macrobii
765 1158 807 1196 et
833 1155 1052 1196 Danielini
1085 1154 1435 1196 commentatoris
1468 1167 1696 1194 consensus
1731 1151 1784 1193 ad
1817 1166 1959 1192 sacras

266 1243 333 1268 res
378 1227 648 1281 explicandas
694 1228 876 1268 maxime
919 1226 1151 1281 pertineat,
1195 1228 1420 1279 utrumque
1465 1222 1736 1278 grammatici
1781 1222 1959 1263 alicuius

266 1297 563 1339 auctoritatem
597 1300 787 1338 secutum
820 1312 911 1338 esse
944 1296 1103 1337 conieci
1135 1293 1314 1350 (quaest.
1336 1294 1450 1336 Serv.
1470 1310 1509 1348 p.
1530 1292 1604 1348 52)
1638 1293 1709 1348 qui
1742 1307 1959 1333 sacrarum

265 1383 407 1408 rerum
441 1367 720 1422 antiquitates
754 1383 778 1409 a
809 1367 1001 1422 Vergilio
1034 1369 1390 1408 commemoratas
1424 1380 1507 1406 uno
1540 1365 1651 1409 libro
1684 1363 1960 1417 comprehen-

265 1439 398 1479 disset
431 1441 473 1479 et
508 1438 772 1491 explicasset.
842 1452 936 1478 eam
970 1438 1257 1478 coniecturam
1289 1436 1467 1477 Linkius
1501 1451 1539 1490 p.
1573 1435 1626 1476 29
1650 1449 1739 1489 sqq.
1773 1434 1832 1475 sic
1863 1448 1958 1487 pro-

266 1509 405 1562 bavit,
449 1510 496 1548 ut
537 1507 802 1549 Macrobium
842 1510 1011 1561 partem
1045 1522 1216 1548 suorum
1256 1522 1277 1548 e
1316 1507 1462 1548 libello
1496 1505 1679 1560 quodam
1713 1504 1784 1546 ‘de
1817 1504 1958 1546 verbis

271 1579 401 1620 sacris
435 1579 501 1619 vcl
534 1579 840 1619 sacrificalibus
874 1593 898 1619 a
930 1577 1125 1631 Vergilio
1159 1579 1272 1618 recte
1304 1575 1558 1630 usurpatis’,
1591 1578 1758 1629 partem
1791 1589 1811 1616 e
1844 1575 1958 1616 libro

271 1650 414 1703 aliquo
455 1664 537 1703 quo
576 1664 643 1690 res
683 1647 897 1704 (Realien)
930 1648 1206 1701 Vergilianae
1244 1648 1386 1689 nescio
1428 1661 1510 1701 quo
1549 1646 1696 1687 ordine
1735 1649 1958 1688 enarratae

270 1721 462 1773 fuissent,
495 1720 709 1761 derivasse
742 1719 912 1760 diceret.
961 1734 1062 1759 nam
1095 1719 1167 1773 qui
1198 1718 1311 1759 hunc
1337 1717 1496 1758 librum
1523 1717 1833 1771 composuisset
1859 1731 1958 1757 eun-

272 1790 367 1831 dem
406 1791 523 1831 tertii
557 1789 895 1831 Saturnaliorum
933 1790 1034 1830 libri
1074 1790 1262 1843 capitum
1298 1789 1488 1842 18—20,
1533 1788 1687 1842 quibus
1720 1788 1771 1829 de
1802 1802 1958 1829 nucum

272 1861 482 1901 malorum
515 1861 704 1914 pirorum
737 1862 910 1902 ficorum
944 1861 1134 1902 olearum
1166 1874 1346 1901 uvarum
1372 1858 1598 1914 generibus
1626 1852 1796 1900 Servius
1822 1858 1958 1913 loqui-

268 1934 350 1985 tur,
383 1934 599 1972 auctorem
631 1931 760 1972 fuisse
794 1932 876 1972 sibi
908 1932 1133 1985 persuasit.
1200 1930 1281 1972 hoc
1313 1931 1456 1985 ipsum
1488 1944 1637 1971 vereor
1668 1933 1716 1971 ut
1748 1930 1854 1971 satis
1886 1929 1957 1969 fir-

267 2002 348 2043 mis
391 2002 656 2057 argumentis
697 2003 926 2057 probatum
968 2002 1042 2042 sit:
1092 2016 1191 2042 nam
1232 2001 1503 2055 quaestiones
1542 2000 1641 2041 illae
1674 1999 1723 2041 de
1756 1999 1957 2041 arborum

266 2072 474 2113 fructibus
507 2072 744 2125 institutae,
778 2087 1037 2126 quamquam
1056 2071 1299 2127 Vergiliani
1330 2086 1476 2113 versus
1511 2070 1678 2125 aliquot
1708 2071 1812 2112 locis
1846 2085 1958 2111 com-

267 2145 569 2195 memorantur,
603 2143 654 2183 ad
670 2142 1020 2197 Vergilianorum
1047 2142 1283 2183 carminum
1310 2142 1712 2195 interpretationem
1739 2141 1843 2182 adeo
1870 2156 1955 2182 non

267 2213 500 2266 pertinent,
532 2215 579 2253 ut
610 2227 696 2253 non
729 2213 898 2266 possint
930 2228 952 2254 e
983 2213 1093 2254 libro
1128 2213 1297 2267 qualem
1324 2212 1504 2253 Linkius
1540 2212 1769 2266 descripsit
1794 2211 1955 2265 petitae

268 2298 371 2324 esse.
416 2298 463 2323 ac
484 2298 534 2323 ne
557 2283 663 2324 illud
685 2284 855 2337 quidem
882 2284 1101 2338 intellego,
1134 2298 1207 2324 cur
1239 2284 1292 2324 ab
1326 2283 1412 2324 alio
1445 2283 1495 2323 de
1529 2282 1682 2336 verbis,
1715 2283 1768 2323 ab
1796 2282 1879 2324 alio
1907 2282 1956 2322 de

268 2354 394 2395 rebus
417 2353 548 2394 sacris
571 2369 595 2394 a
610 2352 802 2408 Vergilio
825 2353 1028 2394 adhibitis
1051 2354 1257 2407 scriptum
1278 2368 1370 2394 esse
1391 2355 1602 2407 putemus.
1633 2353 1705 2394 sed
1726 2355 1956 2407 antequam

268 2425 375 2465 alios
414 2424 646 2478 corrigam,
690 2440 829 2465 meum
875 2422 1084 2477 quendam
1130 2438 1316 2465 errorem
1348 2423 1646 2478 corrigendum
1690 2438 1782 2465 esse
1822 2423 1957 2476 video,

269 2509 351 2549 quo
394 2494 494 2535 libri
535 2495 652 2535 illius
695 2496 994 2548 argumentum
1034 2493 1161 2534 nimis
1203 2493 1366 2547 exiguis
1405 2493 1600 2534 terminis
1639 2493 1742 2535 olim
1781 2493 1956 2535 circum-

273 2565 436 2618 scripsi.
506 2565 662 2605 etenim
703 2579 795 2605 cum
830 2562 1171 2605 Saturnaliorum
1205 2564 1458 2617 scriptorem
1490 2566 1581 2605 tum
1612 2563 1804 2605 Danielis
1838 2563 1956 2605 scho-

268 2636 424 2676 liasten
469 2635 582 2675 haud
625 2635 769 2689 paucis
815 2635 919 2676 locis
964 2635 1005 2675 id
1048 2636 1186 2689 egisse
1227 2635 1418 2676 videmus
1459 2636 1506 2675 ut
1546 2634 1740 2675 doctrina
1771 2633 1956 2688 Vergilii

272 2721 397 2760 quam
426 2705 595 2746 subtilis
624 2719 834 2759 quamque
862 2705 1081 2746 recondita
1105 2705 1258 2746 fuisset
1284 2705 1590 2747 ostenderetur.
1629 2705 1740 2759 quod
1767 2703 1955 2745 studium

268 2777 348 2817 etsi
393 2777 437 2818 in
481 2777 539 2817 eis
573 2776 766 2817 versibus
806 2775 1052 2816 enarrandis
1092 2776 1275 2816 maxime
1309 2776 1496 2817 cernitur
1528 2775 1680 2830 quibus
1725 2774 1954 2830 religiones

268 2847 557 2887 Romanorum
598 2849 725 2900 poeta
767 2844 981 2899 attigisti),
1024 2848 1168 2886 tamen
1201 2847 1330 2887 etia-m
1362 2847 1406 2887 in
1439 2846 1534 2887 aliis
1567 2846 1694 2886 rebus
1728 2845 1856 2886 altius
1889 2859 1954 2886 co-

366 2965 397 3003 1)
425 2961 538 2995 veluti
565 2972 659 3005 quac
686 2962 729 2995 de
756 2959 924 3004 augurali
950 2959 1144 3003 disciplina
1170 2961 1296 2995 multis
1320 2962 1420 3005 locis,
1448 2961 1493 2997 de
1512 2960 1671 2996 flaminis
1692 2962 1729 2995 et
1747 2959 1955 2995 flaminicae

270 3013 501 3047 caerimoniis
528 3013 563 3047 in
591 3014 710 3057 quarti
737 3014 820 3048 libri
859 3013 1122 3048 commentario
1149 3013 1316 3057 exposita
1353 3015 1446 3049 sunt.
1604 3015 1639 3058 2)
1673 3013 1717 3047 cf.
1745 3012 1819 3047 Sat.
1846 3012 1897 3046 III
1923 3015 1955 3056 2,

272 3069 288 3099 7
318 3067 354 3099 et
392 3071 448 3107 1();
491 3071 526 3107 4,
562 3071 580 3099 (3
621 3070 656 3100 ct
697 3071 754 3106 1(*;
795 3070 826 3108 6,
868 3070 895 3100 1.
947 3066 993 3100 ad
1032 3067 1120 3100 Aen.
1160 3066 1174 3099 Ι
1214 3069 1299 3108 305,
1337 3079 1370 3110 p.
1412 3071 1489 3110 112,
1527 3071 1585 3108 133
1623 3078 1659 3111 p.
1700 3069 1782 3109 117,
1820 3069 1881 3109 263
1919 3077 1956 3110 p.
