2204 3437
549 257 697 293 COMM.
724 257 776 293 IN
802 256 944 293 VERG.
971 257 1080 292 AEN.
1108 256 1168 293 IV.
1197 261 1393 293 159—170.
1726 258 1812 299 493

117 365 177 407 uel
206 366 292 407 iam
322 365 380 407 ibi
404 366 571 419 positae,
603 367 772 408 (liversis
801 366 1034 408 nominibus
1063 366 1124 407 vel
1153 366 1238 407 ritu
1269 367 1505 419 sacrificant
1615 379 1674 407 ET
1706 379 1814 408 PRO-

119 449 244 478 NVBA
275 448 388 479 IVNO
421 452 529 491 quae
561 438 821 479 nubentibus
853 440 1035 492 praeest.
1096 436 1302 478 Iunonem
1329 441 1473 478 autem
1500 437 1663 479 dedisse
1692 438 1815 491 signa

118 521 195 561 per
226 510 529 561 tempestatem
561 510 732 550 constat
765 511 806 549 et
836 508 1018 562 pluviaS,
1050 522 1158 562 quae
1184 507 1234 548 de
1262 511 1358 549 aere
1384 508 1502 549 fiunt.
1562 509 1692 550 Varro
1716 523 1814 562 pro-

117 577 269 619 nubam
299 578 397 619 elicit
433 592 535 632 quae
565 582 659 620 ante
695 579 836 632 nupsit
873 582 911 620 et
945 592 1048 632 quae
1083 579 1159 620 um·
1191 582 1350 620 tantuin
1381 583 1511 632 niwta
1541 583 1615 621 est:
1653 580 1816 633 ideoque

117 649 299 702 auspices
329 650 561 703 deliyuntur
591 651 647 691 ad
675 651 853 703 nuptias.

238 720 332 761 167.
384 737 489 762 DANT
506 722 670 773 smum]
697 723 745 762 ut
768 722 831 762 slei
855 721 1070 774 nuptiales.
1154 732 1361 763 FVLSERE
1389 732 1526 763 IGNEs
1547 721 1687 763 Varro
1716 722 1819 763 dicit

117 805 253 846 aqua
291 793 339 832 et
377 791 485 845 igni
524 791 704 832 mariti
748 806 933 833 uxores
981 791 1325 846 accipiebant:
1369 792 1480 833 unde
1523 792 1732 846 hodieque
1778 795 1821 834 et

119 861 233 903 faces
266 862 515 916 praelucent
547 864 590 902 et
623 876 734 917 aqua
764 862 903 916 petita
946 862 996 904 de
1027 877 1134 917 puro
1167 862 1286 905 fonte
1313 876 1387 916 per
1417 863 1696 914 felicissimum
1719 877 1819 917 pue-

115 946 210 973 rum
249 933 424 985 aliquem
463 936 537 974 aut
559 933 754 986 puellam,
782 933 963 974 interest
993 934 1173 988 nuptiis,
1205 935 1251 975 cle
1275 947 1356 987 qua
1380 934 1619 976 nubentibus
1644 935 1823 977 solebant

110 1003 232 1057 pedes
265 1003 407 1045 lavari.
469 1004 546 1045 alii
578 1003 766 1055 efulsere’
791 1018 870 1057 pro
902 1004 1010 1046 malo
1042 1005 1174 1046 omine
1192 1006 1375 1058 positum
1399 1006 1548 1048 volunt.
1598 1020 1689 1047 cum
1713 1007 1821 1047 enim

115 1074 177 1115 ait
203 1074 368 1126 fulsisse
398 1075 520 1128 iynes,
547 1074 777 1127 infaustum
801 1075 1016 1117 conubium
1040 1076 1197 1117 videtui·
1222 1077 1434 1130 ostendere,
1461 1077 1560 1129 qnia
1584 1077 1687 1118 aetio
1707 1078 1818 1130 peri-

115 1146 261 1199 mitur,
292 1159 382 1187 cum
413 1147 459 1187 cle
490 1146 596 1187 caelo
627 1149 830 1188 servatum
861 1150 927 1188 est.
989 1150 1026 1188 et
1056 1147 1149 1189 bene
1179 1147 1249 1189 hoe
1281 1150 1408 1188 totum
1439 1149 1495 1189 asl
1524 1148 1727 1190 Iunonem
1757 1162 1815 1189 re-

114 1216 264 1268 fertur,
295 1217 394 1270 quia
424 1220 496 1258 ae'r
527 1230 607 1259 esse
637 1218 807 1267 (licitum
839 1219 946 1259 uncle
977 1232 1107 1272 aquas
1140 1232 1231 1260 cum
1261 1218 1423 1272 ionibus
1455 1219 1574 1261 dedit.

235 1289 330 1330 168.
380 1300 660 1331 VLVLARVNT
693 1290 800 1331 bene
834 1289 1021 1331 medium
1054 1289 1188 1345 elegit
1220 1304 1482 1331 sermonem:
1514 1305 1615 1331 nam
1648 1290 1710 1332 ait
1734 1290 1814 1332 Lu-

115 1374 245 1401 canus
288 1359 379 1414 <VI
412 1360 526 1414 261>
571 1375 668 1402 non
708 1363 763 1402 tu
803 1360 959 1402 laetis
1001 1361 1203 1402 ululare
1250 1361 1545 1415 triumphis.
1616 1362 1660 1402 in
1701 1362 1818 1403 luctu

115 1433 258 1472 autem
290 1431 461 1486 ululari,
491 1446 576 1473 non
610 1432 788 1473 dubium
821 1434 896 1473 est.
946 1436 983 1474 et
1006 1433 1093 1474 icleo
1119 1433 1297 1474 medium
1322 1433 1438 1486 aequ
1461 1446 1696 1488 sermonem,
1720 1434 1819 1486 quia

108 1506 205 1556 post
232 1503 400 1556 nuptias
430 1516 539 1545 mors
571 1506 779 1545 consecuta
809 1506 875 1545 est.
937 1518 1020 1545 non
1051 1504 1159 1545 nulli
1188 1505 1249 1545 ita
1280 1504 1498 1557 accipiunt,
1528 1505 1636 1557 quocl
1658 1505 1819 1546 ululare

113 1577 259 1616 veteres
289 1575 412 1616 etiam
442 1575 489 1615 in
525 1575 656 1616 sacris
693 1575 877 1616 (licebant
912 1588 959 1617 ex
992 1574 1152 1617 Graeca
1183 1576 1476 1617 eoi'isuetudine.
1537 1590 1628 1630 erqo
1667 1574 1818 1617 tulula-

117 1648 215 1686 runt
244 1643 458 1699 nymphae’
490 1646 609 1698 quasi
639 1646 880 1699 nuptiarum
910 1659 1032 1688 sacra
1063 1647 1323 1688 celebrarunt.
1385 1646 1535 1688 Graeci
1559 1650 1693 1688 autem
1720 1643 1818 1688 ὀλο-

114 1714 285 1771 λυγμόν
316 1716 547 1770 appellant:
578 1730 678 1758 nam
710 1720 745 1758 et
768 1718 954 1770 primam
985 1718 1302 1771 conyressionem
1325 1718 1476 1771 proelii
1509 1714 1729 1772 ὀλολυγήν
1754 1719 1812 1760 (Ζὶ-

113 1791 231 1830 eunt:
256 1789 362 1841 quod
387 1787 589 1841 Veiyilius
608 1789 781 1829 ostendit
798 1787 886 1841 <XI
907 1789 1019 1842 662>
1039 1802 1308 1842 maynoque
1337 1789 1563 1830 ululante
1594 1790 1817 1831 tumultu.

235 1859 328 1900 170.
378 1870 539 1901 SPEGIE
570 1868 757 1900 FAMAVE
790 1871 1012 1901 MOVETVR
1045 1860 1206 1914 species
1238 1875 1382 1901 rerum
1414 1860 1595 1902 Didonis
1620 1875 1818 1915 praesen-

114 1930 224 1972 tium
257 1933 334 1984 est,
367 1930 482 1985 quod
514 1931 636 1985 quasi
669 1931 888 1986 aspicitur,
919 1931 1038 1973 fama
1070 1934 1214 1973 autem
1246 1947 1389 1973 rerum
1424 1931 1680 1973 absentium.
1735 1931 1817 1973 hoc

114 2015 215 2057 ergo
247 2001 367 2043 dicit:
405 2016 493 2043 non
525 2016 619 2042 eam
651 2005 795 2043 movet
833 2016 910 2043 nec
947 2017 1150 2056 praesens
1189 2003 1458 2057 deformitas,
1498 2002 1611 2058 quod
1648 2017 1735 2044 non
1772 2003 1817 2043 in

112 2073 325 2124 thalamo,
359 2073 431 2115 sed
464 2073 508 2114 in
539 2087 668 2128 specu
700 2074 1010 2115 concubuerat:
1042 2075 1112 2115 secl
1141 2062 1218 2115 nec
1248 2074 1392 2115 futura
1418 2088 1518 2115 mox
1544 2073 1672 2115 fama.
1699 2072 1811 2128 (alii)

114 2145 320 2198 accipiunt
346 2144 448 2197 faeti
484 2145 681 2198 qualitate
717 2149 791 2187 aut
832 2148 1010 2199 respectu
1052 2145 1291 2200 honestatis,
1336 2145 1395 2202 τῷ
1434 2144 1657 2200 πρέποντι.
1718 2146 1815 2187 adeo

114 2333 127 2367 1
164 2333 177 2368 l
208 2285 446 2368 lv‘aepfonuba
471 2285 583 2322 Iuno’
612 2315 619 2322 .
649 2314 655 2321 .
683 2314 690 2322 .
718 2287 880 2333 praeest]
917 2297 1030 2323 exscr.
1058 2286 1141 2322 Isid.
1169 2298 1220 2322 or.
1247 2287 1297 2321 IX
1324 2290 1356 2331 7,
1382 2290 1402 2321 8
1439 2287 1451 2330 ΙΙ
1489 2290 1508 2320 6
1535 2286 1668 2332 Varro]
1697 2286 1742 2321 cf.
1770 2286 1813 2320 de

206 2468 226 2498 3
254 2475 320 2508 per
344 2463 490 2508 pluuias
516 2464 551 2498 L
570 2465 581 2510 ΙΙ
600 2464 774 2499 Pronuba
799 2464 891 2499 Iuno
917 2464 1034 2500 Varro
1063 2493 1069 2500 .
1098 2495 1104 2501 .
1133 2494 1140 2501 .
1168 2465 1215 2500 ad
1240 2464 1388 2510 nuptias
1413 2465 1494 2499 hab.
1521 2463 1685 2498 Ambros.
1727 2465 1812 2499 l’ro-

111 2511 248 2545 nubam
280 2510 372 2546 dicit
396 2539 403 2546 .
433 2539 439 2545 .
468 2540 474 2546 .
501 2514 617 2557 nupta
648 2514 705 2546 est
736 2513 830 2546 inter
865 2512 1091 2557 ‘fragmenta
1123 2517 1277 2547 veterum
1303 2524 1345 2546 ec
1371 2512 1490 2547 Servii
1515 2512 1672 2546 schetlis’
1706 2513 1810 2555 idem,

113 2569 253 2602 quaeue
273 2568 345 2602 pro
369 2559 429 2593 vel
455 2570 549 2603 quae
575 2560 744 2594 exhibens
769 2561 781 2604 Η
809 2564 830 2594 4
857 2561 985 2604 nupsit
1014 2560 1046 2593 T
1078 2561 1246 2605 nupserit
1271 2560 1310 2594 F
1332 2561 1343 2604 ΙΙ
1375 2560 1434 2594 1161
1461 2570 1554 2603 quae
1584 2559 1616 2592 'l'
1640 2562 1673 2593 et
1697 2571 1809 2604 marg).

111 2606 238 2640 Ambr.
264 2616 383 2650 ueque
411 2605 450 2640 F
481 2618 601 2651 neque
626 2607 763 2642 Daniel
789 2611 821 2641 et
846 2608 969 2643 Ambr.
1016 2608 1053 2642 et
1078 2619 1172 2651 quae
1199 2608 1362 2651 Scaliyer
1388 2611 1473 2641 east.
1501 2607 1542 2640 in
1568 2606 1664 2641 Fest.
1689 2618 1725 2650 2).
1748 2611 1810 2640 13ss

112 2654 222 2697 atque
246 2652 465 2688 Burmanno
489 2657 572 2688 teste
605 2654 752 2689 Vossius
778 2665 943 2698 quaeque
968 2656 1022 2689 vel
1049 2655 1198 2690 Verrius
1225 2666 1319 2698 quae
1346 2655 1392 2688 F.
1409 2654 1616 2688 Schoellius.
1644 2655 1688 2697 ef.
1711 2654 1809 2688 Iv'est.

112 2711 139 2734 s.
154 2711 186 2734 v.
205 2700 400 2744 ‘pronuba'
423 2703 434 2746 ΙΙ
452 2702 570 2746 nupta
589 2702 661 2747 est]
684 2702 851 2746 nupserit
870 2702 1032 2747 Sealigyei·
1052 2703 1073 2736 l.
1091 2703 1112 2737 l.
1134 2704 1145 2747 {l
1166 2707 1185 2737 6
1206 2715 1357 2737 rvLs-fflu:
1378 2715 1480 2736 muns
1500 2702 1542 2734 ut
1562 2702 1606 2736 de
1626 2701 1811 2746 nuptiales

112 2758 220 2782 uarro
247 2747 339 2782 dicit
364 2760 390 2783 6.
416 2760 446 2793 q.
473 2760 499 2782 s.
527 2749 566 2783 F
587 2750 599 2793 ΙΙ
631 2749 690 2783 dei
715 2749 853 2784 Daniel
883 2750 894 2794 ΙΙ
928 2753 946 2783 7
973 2749 1033 2793 aqi
1059 2750 1102 2783 N
1136 2762 1219 2784 cum
1245 2761 1342 2793 aqua
1370 2750 1435 2783 Ml
1463 2750 1474 2793 ΙΙ
1507 2749 1544 2790 et
1570 2760 1701 2783 uxores
1729 2749 1777 2782 M

113 2793 362 2840 accipiebant]
390 2795 562 2831 dicebant
584 2796 623 2830 F
637 2798 649 2841 Η
669 2801 688 2831 8
715 2797 760 2831 de
785 2807 877 2841 puro
904 2795 1004 2831 fonte
1032 2808 1097 2833 om.
1115 2797 1154 2831 F
1169 2798 1181 2842 1}
1200 2808 1265 2842 per
1290 2796 1546 2831 felicissimum
1573 2808 1723 2840 puerum
1751 2797 1809 2829 vel

114 2842 277 2886 aliquam
304 2842 468 2886 puellam
493 2847 525 2877 et
551 2843 596 2878 de
622 2855 694 2888 qua
719 2872 726 2878 .
757 2874 763 2880 .
793 2871 800 2878 .
827 2844 946 2878 lavari
980 2844 1092 2879 edidit
1117 2844 1323 2889 Stephanus
1341 2847 1352 2888 ΙΙ
1375 2849 1416 2878 10
1443 2844 1491 2877 cul
1516 2848 1630 2878 v.167
1658 2843 1808 2887 quidam

115 2888 250 2924 fulsere
276 2901 342 2934 pro
369 2891 467 2925 malo
494 2891 615 2925 omine
642 2891 830 2936 accipiunt
854 2890 1057 2926 infaustum
1085 2921 1091 2927 .
1115 2921 1122 2927 .
1144 2920 1151 2926 .
1179 2893 1365 2926 seruatum
1391 2890 1503 2925 fuerit
1535 2892 1575 2924 in
1601 2902 1713 2934 mai-9.
1744 2890 1775 2923 Τ
1799 2891 1810 2935 Η

113 2947 219 2971 omne
246 2936 285 2970 F
315 2939 327 2982 ΙΙ
366 2941 405 2971 11
434 2938 635 2983 perimetur
665 2938 705 2972 F
732 2941 744 2983 ΙΙ
782 2943 824 2972 15
850 2949 935 2973 nam
965 2940 1044 2973 tum
1078 2940 1127 2973 M
1166 2951 1239 2974 non
1272 2940 1351 2973 tum
1378 2939 1389 2972 l
1419 2940 1430 2983 ΙΙ
1466 2948 1541 2980 non
1567 2938 1709 2971 ululare
1734 2938 1768 2970 L
1799 2940 1809 2960 Γ

117 2987 157 3017 16
180 2983 218 3018 et
236 2983 320 3019 ideo
342 3013 348 3019 .
365 3013 372 3020 .
389 3012 396 3019 .
417 2985 616 3020 consecuta
641 2987 699 3020 est
717 2986 830 3020 edidit
850 2985 1053 3030 Stephanus
1071 2987 1084 3031 ΙΙ
1105 2991 1145 3021 17
1168 2988 1215 3021 acl
1236 2986 1424 3020 ulularunt
1442 2986 1483 3020 in
1508 2996 1619 3029 mary.
1640 2985 1809 3019 nonnulli

113 3030 256 3065 ululare
288 3031 477 3077 accipiunt
508 3060 515 3068 .
545 3061 552 3068 .
579 3060 586 3067 .
620 3033 860 3067 celebrabant
887 3033 920 3067 T
948 3034 960 3078 Η
997 3045 1070 3068 11011
1096 3034 1188 3068 1111111
1216 3061 1222 3068 .
1251 3062 1257 3068 .
1285 3061 1291 3067 .
1319 3033 1482 3067 tumultu
1507 3033 1586 3067 hab.
1614 3033 1778 3066 Ama-os.
1798 3033 1809 3064 l*

117 3081 158 3112 18
185 3077 223 3112 in
250 3078 362 3113 sacris
389 3079 502 3114 etiam
528 3080 691 3115 Ambros.
713 3081 724 3125 ΙΙ
745 3084 787 3114 19
814 3082 948 3124 graeca
974 3080 1013 3114 F
1028 3082 1040 3126 ΙΙ
1059 3085 1103 3115 20
1129 3080 1261 3125 proelii
1282 3080 1475 3123 Hagyenus:
1501 3079 1628 3124 praebi
1649 3078 1695 3122 F,
1722 3080 1807 3113 omi-

113 3125 161 3159 sit
185 3125 322 3160 Daniel
346 3127 358 3171 ΙΙ
385 3139 564 3161 οΛοΛΥΓΝΝ
592 3126 632 3160 F
653 3128 664 3171 ΙΙ
692 3131 736 3161 25
763 3128 938 3171 spelunco
964 3128 1004 3162 F
1039 3128 1215 3172 spelunca
1240 3128 1377 3161 Daniel
1401 3128 1413 3171 ΙΙ
1445 3132 1488 3161 26
1515 3126 1715 3171 accipiunt]
1743 3126 1809 3161 alii

50 3208 59 3223 ‹
114 3171 215 3207 fama
239 3172 428 3217 accipiunt
451 3174 588 3208 Daniel
608 3175 763 3218 primus.
807 3175 867 3209 secl
898 3173 988 3209 facti
1014 3175 1195 3219 qualitate
1222 3175 1270 3209 acl
1303 3174 1441 3219 specie,
1475 3175 1522 3209 acl
1554 3174 1699 3209 famave
1726 3186 1807 3218 pei·-

116 3220 206 3254 tinet
230 3221 401 3264 respectu
425 3221 630 3256 honestatis
649 3223 660 3266 ΙΙ
679 3220 770 3256 facti
797 3222 1020 3258 Masvieius:
1045 3221 1146 3257 facta
1172 3222 1212 3257 F

1454 3282 1525 3315 32²⁸

1845 661 1865 690 5

1849 1018 1890 1047 10

1841 2086 1859 2116 10

1864 2085 1884 2116 cx
