2132 3354
300 129 398 164 XXX
966 126 1247 161 PRAEFATIO.

300 238 470 291 ginibus
503 249 717 289 pugnasse
751 235 869 289 dicit,
903 250 997 276 eum
1031 233 1330 289 Syracusanis,
1363 234 1423 274 eis
1457 233 1529 286 qui
1561 231 1846 275 Athenienses
1878 233 1988 274 viee—

299 311 410 360 runt,
444 306 674 347 confundit.
727 306 779 346 ad
815 306 916 346 Aen.
937 305 1018 346 VII
1041 306 1122 346 (341
1165 308 1305 345 autem
1347 304 1453 344 haec
1486 303 1714 358 adscripsit
1751 303 1987 346 ‘Parnasus

298 393 419 419 mons
448 377 696 418 Thessaliae
729 377 933 417 dividitur
958 377 1002 416 in
1029 375 1329 416 Cithaeronem
1350 374 1495 415 Liberi
1521 376 1564 414 et
1582 373 1831 416 Heliconem
1858 374 1988 429 Apol-

301 449 417 502 linis,
450 449 570 490 cuius
605 451 702 489 sunt
734 444 958 500 Musae’.¹)

416 519 584 561 Servius
617 522 663 559 ut
695 533 836 558 rerum
864 517 915 557 ad
943 516 1126 571 Vergilii
1154 516 1346 557 carmina
1371 516 1610 558 enarranda
1635 516 1986 570 proferendarum

298 594 340 631 et
377 590 584 631 delectum
625 592 666 629 et
705 588 1015 641 expositionem
1062 587 1113 627 ad
1159 587 1493 628 adulescentium
1533 587 1716 628 maxime
1755 588 1987 629 utilitatem

297 662 477 714 rettulit,
523 661 584 701 ita
623 659 817 712 exempla
862 658 1015 712 quibus
1054 661 1283 711 praecepta
1326 673 1402 700 sua
1440 657 1792 699 confirmarentur
1830 658 1882 700 ab
1925 659 1986 700 eis

298 733 543 786 plerumque
571 729 852 783 scriptoribus
873 729 1028 782 petivit
1048 743 1227 782 quorum
1255 729 1356 769 libri
1383 731 1472 770 tum
1500 730 1543 770 in
1571 729 1728 770 scholis
1761 730 1847 784 legi
1879 730 1986 771 sole-

297 804 416 843 bant:
457 817 481 843 a
519 801 717 842 Terentio
756 799 936 840 Horatio
975 799 1146 840 Lucano
1175 799 1313 840 Statio
1346 799 1544 841 Iuvenale
1582 799 1728 841 Persio
1767 801 1924 855 poetis,
1962 815 1986 841 a

299 872 503 914 Cicerone
531 875 573 913 et
594 871 797 912 Sallustio
826 870 1120 925 scriptoribus3
1143 869 1423 912 Ciceroniana
1449 874 1593 913 autem
1620 871 1812 925 exempla
1839 886 1859 911 e
1879 870 1985 912 Ver-

298 945 400 985 rinis
448 944 629 984 maxime
674 941 942 982 orationibus
988 941 1240 995 deprompta
1286 945 1397 983 sunt.
1459 944 1630 996 praeter
1674 942 1751 983 hos
1796 941 1984 982 Ennium

298 1015 493 1056 Plautum
539 1013 782 1054 Lucretium
815 1011 1013 1054 Ovidium
1053 1013 1220 1066 saepius
1259 1013 1462 1054 laudavit.
1526 1015 1651 1067 atque
1689 1012 1983 1054 Ennianorum

296 1100 493 1126 versuum
537 1083 737 1125 notitiam
782 1083 1073 1136 superioribus
1107 1084 1400 1137 grammaticis
1433 1084 1585 1125 debere
1617 1084 1805 1138 videtur,
1838 1099 1862 1125 a
1893 1084 1983 1139 qui-

296 1157 372 1197 bus
400 1155 574 1196 annales
603 1169 695 1195 cum
717 1153 905 1195 Aeneide
927 1156 1198 1207 comparatos
1226 1169 1317 1195 esse
1344 1157 1524 1197 constat.
1568 1154 1790 1196 Plautinas
1816 1155 1983 1196 fabulas

298 1230 339 1267 et
360 1226 658 1267 Lucretianum
687 1239 855 1266 carmen
881 1240 983 1265 num
1016 1225 1108 1279 ipse
1139 1225 1292 1280 legerit
1317 1225 1505 1266 dubitari
1536 1228 1699 1281 potest,
1731 1240 1987 1280 quamquam

297 1312 380 1337 non
413 1297 529 1337 nulla
562 1311 707 1337 eorum
747 1310 854 1350 quae
886 1295 984 1336 inde
1017 1296 1165 1337 citavit
1198 1310 1247 1337 ea
1279 1298 1376 1337 sunt
1408 1296 1566 1350 specie,
1603 1299 1651 1337 ut
1691 1311 1740 1337 ex
1779 1295 1988 1337 subitaria

293 1368 474 1409 lectione
518 1369 561 1407 in
606 1366 810 1407 memoria
856 1366 1045 1407 haesisse
1092 1366 1329 1407 videantur.
1381 1364 1451 1419 (ef.
1485 1367 1537 1408 ad
1569 1367 1675 1409 Aen.
1700 1367 1721 1408 I
1755 1367 1856 1421 140,
1887 1367 1985 1420 478,

291 1438 329 1479 V
368 1439 448 1479 112
481 1441 521 1478 et
553 1437 572 1477 I
614 1438 708 1490 743,
740 1436 805 1477 ΙΙΙ
839 1437 945 1491 587,
976 1436 1038 1477 IV
1077 1436 1194 1492 486).
1251 1436 1394 1479 Ovidii
1415 1437 1820 1491 metamorphoseon
1853 1438 1985 1479 libros

293 1509 399 1563 legit
432 1511 473 1549 et
506 1508 558 1549 ad
590 1508 759 1549 fabulas
793 1507 1054 1548 enarrandas
1083 1507 1297 1562 adhibuit,
1331 1509 1402 1549 sed
1435 1509 1530 1563 ipsa
1561 1511 1712 1563 poetae
1744 1509 1876 1550 verba
1902 1507 1987 1549 nisi

293 1580 438 1633 paucis
472 1579 575 1620 locis
608 1593 692 1619 11011
726 1578 1086 1619 commemoravit.
1137 1593 1287 1632 parum
1309 1578 1538 1634 diligenter
1565 1582 1706 1620 autem
1732 1579 1776 1620 in
1804 1580 1985 1620 aliorum

292 1650 430 1691 verbis
463 1649 685 1690 laudandis
720 1647 892 1690 Servius
933 1652 1128 1690 versatus
1168 1652 1242 1690 est.
1303 1664 1401 1690 nam
1441 1652 1487 1690 ut
1524 1650 1693 1691 mittam
1732 1650 1986 1704 saepissime

290 1736 375 1761 non
408 1721 641 1762 indicatum
675 1734 766 1760 esse
793 1720 946 1774 quibus
975 1735 1024 1761 ex
1051 1720 1172 1761 libris
1200 1720 1395 1774 exempla
1422 1721 1557 1774 petita
1584 1723 1744 1773 essent,
1776 1735 1829 1762 ne
1854 1720 1985 1761 verba

292 1791 459 1845 quidem
498 1791 592 1845 ipsa
630 1792 826 1831 accurate
860 1805 1027 1844 semper
1064 1790 1237 1832 laudata
1275 1794 1385 1832 sunt.
1438 1806 1565 1845 quam
1604 1806 1693 1833 rem
1727 1791 1983 1832 Thomasius

292 1877 329 1915 p.
366 1862 447 1903 194
480 1876 563 1902 non
597 1860 744 1901 debuit
777 1876 801 1901 a
835 1863 1131 1914 corruptorum
1170 1861 1476 1915 exemplarium
1514 1877 1591 1903 usu
1625 1865 1699 1903 aut
1731 1877 1756 1903 a
1787 1861 1984 1902 librario-

291 1947 384 1972 rum
419 1932 635 1973 erroribus
668 1933 874 1984 repetere:
915 1931 1044 1972 immo
1082 1931 1202 1972 nulla
1240 1931 1325 1972 alia
1358 1932 1446 1974 eius
1479 1947 1607 1974 causa
1645 1934 1710 1973 est
1746 1932 1831 1973 nisi
1870 1932 1982 1986 quod

293 2002 462 2043 Servius
496 2002 617 2042 libris
649 2016 735 2042 non
773 2001 975 2054 inspectis
1011 2017 1031 2043 e
1063 2002 1269 2043 memoria
1308 2002 1440 2043 citare
1481 2002 1659 2043 solebat.
1710 2002 1809 2056 quid
1841 2002 1983 2043 enim?

292 2087 312 2112 e
334 2072 516 2128 Vergilii
537 2073 730 2114 versibus
759 2086 783 2111 a
810 2072 1091 2125 grammatico
1120 2073 1302 2126 exempli
1328 2087 1456 2114 eausa
1477 2072 1822 2114 commemoratis
1843 2087 1982 2114 nonne

293 2143 397 2184 satis
432 2141 600 2198 multi2)
635 2142 687 2182 ab
716 2156 815 2182 vera
837 2144 878 2182 et
904 2142 1064 2183 tradita
1086 2143 1297 2196 scriptura
1323 2144 1450 2198 longe
1470 2144 1690 2196 recedunt,
1724 2158 1982 2198 quamquam

293 2213 465 2267 optimis
498 2213 619 2253 illum
653 2212 965 2266 exemplaribus
994 2227 1117 2253 usum
1145 2227 1237 2254 esse
1265 2212 1522 2255 Thomasius
1555 2229 1595 2268 p.
1628 2214 1714 2255 263
1747 2214 1838 2268 ipse
1865 2214 1982 2255 dixit.

294 2287 420 2337 atque
452 2283 634 2338 Vergilii
667 2283 835 2337 quidem
869 2283 1059 2324 earmina
1091 2283 1193 2337 quin
1218 2286 1312 2325 tota
1343 2284 1431 2326 fere
1459 2284 1582 2338 idque
1610 2285 1661 2326 ad
1688 2285 1865 2326 verbum
1898 2298 1982 2326 me-

294 2355 428 2395 moria
458 2357 602 2395 tenere
636 2354 805 2395 Servius
840 2354 920 2394 sibi
953 2354 1067 2395 visus
1108 2355 1165 2396 sit
1197 2355 1385 2397 dubitari
1424 2356 1494 2396 vix
1532 2357 1687 2410 potest.
1739 2370 1833 2397 cum
1875 2358 1981 2397 cete-

291 2439 434 2465 rorum
469 2428 611 2465 autem
644 2425 784 2475 libris,
818 2438 995 2477 quorum
1024 2423 1196 2479 ⁴quidem
1223 2425 1488 2480 frequentior
1520 2429 1585 2468 est
1617 2427 1982 2480 commemoratio,

292 2498 338 2536 ut
382 2484 547 2536 tantam
582 2496 699 2549 quasi
748 2495 1086 2536 familiaritatem
1133 2497 1405 2539 contraheret
1442 2497 1765 2552 grammaticus,
1810 2499 1858 2538 ut
1894 2512 1981 2539 non

291 2567 505 2619 inspectos
540 2581 611 2607 eos
645 2566 776 2607 citare
810 2566 1004 2619 auderet,
1043 2580 1129 2606 11011
1161 2581 1245 2608 una
1277 2582 1322 2608 re
1355 2568 1549 2610 effectum
1590 2571 1666 2611 est.
1715 2583 1815 2609 nam
1846 2582 1980 2622 neque

292 2638 412 2678 unius
446 2637 629 2691 Vergilii
668 2636 856 2676 earmina
895 2636 937 2675 in
979 2635 1136 2677 scholis
1175 2651 1270 2678 eum
1308 2640 1516 2680 tractasse
1555 2639 1645 2680 veri
1684 2639 1821 2680 simile
1860 2636 1981 2693 est3),

384 2754 417 2795 1)
445 2752 590 2786 notavit
624 2752 720 2785 hunc
754 2761 913 2785 errorem
940 2750 1132 2794 Philippus
1167 2752 1365 2788 Beroaldus
1398 2766 1542 2800 quoque
1576 2755 1639 2799 qui
1671 2753 1976 2789 adnotationibus

290 2806 325 2838 iu
355 2804 471 2839 Servii
499 2804 783 2839 commentarios
817 2815 911 2838 auno
941 2808 1030 2837 1510
1063 2803 1172 2837 editis
1206 2817 1299 2848 quae
1332 2818 1354 2841 a
1387 2806 1514 2842 Servio
1546 2819 1676 2852 parum
1711 2807 1911 2851 diligenter
1943 2808 1981 2840 et

291 2858 379 2891 scite
406 2858 575 2902 exposita
601 2868 679 2891 esse
707 2856 925 2891 videbantur
952 2857 1103 2900 collegit
1129 2858 1165 2890 et
1190 2859 1357 2894 correxit.
1457 2864 1491 2901 2)
1519 2861 1562 2895 cf.
1591 2861 1678 2895 Aen.
1708 2861 1762 2893 12
1789 2861 1837 2903 (p.
1865 2862 1897 2901 8,
1925 2861 1977 2901 5);

292 2915 310 2943 0
343 2912 393 2954 (p.
424 2915 483 2952 12,
509 2912 561 2954 2);
592 2915 631 2944 12
667 2912 714 2954 (p.
745 2914 803 2951 17,
834 2910 884 2952 1);
926 2914 991 2942 231
1021 2912 1067 2952 (p.
1096 2914 1158 2950 ss,
1188 2911 1236 2952 1);
1271 2916 1336 2946 356
1364 2915 1412 2957 (p.
1444 2917 1521 2957 123,
1551 2915 1600 2957 1);
1638 2916 1705 2947 487
1733 2913 1780 2956 (p.
1811 2916 1888 2954 154,
1922 2914 1978 2953 12)

291 2962 336 2996 al.
365 2976 406 2997 cx
434 2964 490 2997 his
518 2963 700 2997 erroribus
722 2973 793 2996 non
813 2961 933 2995 nullos
954 2961 991 2995 in
1012 2960 1240 3004 plenioribus
1260 2963 1365 2999 libris
1391 2967 1573 3001 correctos
1601 2976 1676 3000 esse
1702 2964 1882 3000 videmus.

291 3016 325 3058 κ’)
352 3015 386 3048 in
415 3015 576 3050 'ferentii
605 3017 641 3049 et
662 3014 845 3049 Ciceronis
867 3013 1099 3048 Veri-inarum
1127 3014 1217 3049 loeis
1237 3016 1358 3060 plures
1373 3028 1512 3054 errores
1527 3017 1682 3054 inveniri
1709 3028 1839 3052 moneo
1867 3028 1976 3060 quam

289 3067 324 3100 in
352 3067 573 3110 reliquorum
601 3067 790 3111 exemplis.
