2204 3437
573 180 720 216 COMM.
747 181 799 215 IN
825 180 966 215 VERG.
993 179 1101 214 AEN.
1129 180 1190 214 111.
1218 183 1413 213 294—305.
1748 179 1832 218 395

146 292 332 331 cesserat
362 290 495 343 patri:
535 304 558 330 a
591 303 671 343 quo
705 289 911 330 Molossia
943 288 1056 328 dicta
1088 289 1154 327 est
1184 301 1283 340 pars
1316 285 1452 339 Epiri,
1486 300 1611 340 quam
1644 284 1833 326 Helenus

144 362 296 413 postea
333 374 358 399 a
394 358 527 400 fratre
566 358 754 412 Chaone,
800 372 924 412 quem
963 357 1006 397 in
1044 358 1198 397 venatu
1239 371 1313 410 per
1352 356 1643 409 ignorantiam
1681 355 1834 396 dicitur

146 429 370 483 occidisse,
415 427 653 470 Chaoniam
684 428 941 481 nominavit,
987 427 1107 481 quasi
1141 427 1193 468 ad
1226 427 1428 468 solatium
1461 427 1610 467 fratris
1644 426 1832 467 extincti.

144 501 328 552 quam-is
364 501 411 541 de
446 500 518 541 leoe
556 500 718 541 nomine
755 500 876 540 etiam
914 499 1021 540 aliae
1057 507 1202 539 consae
1239 499 1352 550 apud
1387 498 1561 539 ‹liversos
1592 497 1695 538 alios
1726 497 1831 538 inve-

144 572 326 612 niantur.
1861 573 1880 604 5

264 641 360 682 300.
410 652 711 682 PROGREDIOR
742 652 893 682 PORTV
921 650 1114 681 CLASSES
1147 650 1204 679 ET
1232 650 1404 679 LITORA
1430 649 1662 688 LINQVENS
1690 638 1835 692 hyste-

145 714 402 766 roproteron
438 711 483 751 in
515 725 658 752 sensu:
704 712 802 751 ante
836 709 949 750 enim
983 708 1190 763 linquitur
1223 708 1324 749 litus
1359 710 1400 748 et
1434 708 1493 748 sic
1526 723 1550 748 a
1581 710 1709 761 portu
1740 722 1835 761 pro-

147 782 319 824 ceditur.
380 795 478 823 301120
515 782 767 822 securitatem
803 780 917 821 verbo
957 780 1142 833 ostendit,
1180 780 1314 820 dicens
1348 778 1511 819 ‘classes
1541 785 1575 819 et
1607 779 1728 819 litora
1761 778 1836 819 lin-

144 852 299 906 quens',
331 854 480 905 quippe
509 866 600 893 eum
630 866 799 905 reymzm
831 852 978 892 civium
1000 853 1161 903 peteret.
1206 850 1325 890 aliter
1359 850 1401 889 ἱη
1424 849 1563 901 primo
1596 848 1737 901 <306>
1771 863 1836 890 eso·-

144 925 216 964 ire
247 923 466 975 locosque
497 922 759 975 conplorare
788 935 943 963 novos.
1006 920 1242 961 notandum
1275 934 1375 961 sane
1408 919 1578 960 finitum
1617 934 1708 960 esse
1748 934 1836 960 ver·
1865 926 1906 955 10

145 1008 239 1035 sum
270 993 515 1048 participio:
559 992 668 1047 quod
700 1007 844 1034 rarum
878 991 988 1045 apud
1021 990 1197 1032 Latinos
1231 993 1313 1044 est,
1346 989 1458 1043 apud
1492 988 1677 1031 Graecos
1711 989 1835 1030 vitio-

145 1064 374 1105 sissimum.

261 1135 358 1176 301.
408 1145 676 1176 SOLLEMNES
715 1147 797 1175 non
831 1134 973 1185 festas,
1011 1133 1081 1174 sed
1117 1132 1354 1188 legitimaS,
1393 1131 1719 1173 anniversarias.

145 1216 328 1247 TRISTIA
368 1216 497 1247 DONA
538 1205 624 1246 tale
667 1207 732 1246 est
772 1204 876 1245 illud
922 1203 989 1257 <V
1021 1204 1105 1257 49>
1151 1218 1296 1257 quem
1341 1217 1537 1256 semper
1581 1202 1833 1255 acerbum,

149 1290 347 1329 semper
377 1276 701 1329 honoratum,
735 1275 806 1316 sic
841 1274 888 1315 di
921 1273 1186 1327 voluistis,
1218 1273 1428 1314 habebo.
1866 1278 1907 1308 15

265 1347 362 1388 302.
412 1358 461 1387 IN
500 1358 619 1388 LVCO
658 1347 818 1399 lucum,
861 1348 909 1386 ut
954 1359 1081 1398 supra
1120 1344 1168 1397 <I
1206 1343 1320 1396 441>
1361 1343 1562 1398 diximus,
1606 1359 1837 1398 numquam

144 1417 268 1471 ponit
301 1417 391 1458 sine
424 1417 651 1471 religione,
683 1431 784 1457 nam
810 1416 855 1456 in
880 1416 986 1469 ipsis
1013 1415 1213 1456 habitant
1240 1428 1386 1455 manes
1414 1415 1596 1469 piorum,
1629 1415 1700 1469 qui
1727 1415 1837 1455 lares

145 1488 278 1529 viales
312 1490 427 1529 sunt:
459 1486 569 1528 unde
596 1488 638 1528 in
667 1489 786 1528 sexto
809 1487 951 1540 <673>
984 1485 1118 1526 nulli
1145 1487 1284 1526 certa
1311 1484 1504 1538 domus,
1537 1485 1666 1526 111015
1694 1485 1837 1526 habi-

144 1561 308 1600 tamus
342 1558 531 1612 opacis.
575 1561 612 1599 et
641 1559 685 1599 in
716 1559 856 1610 quinto
883 1557 1027 1611 <760>
1056 1556 1335 1608 tmmtloque
1364 1557 1588 1597 sacerdos
1619 1556 1839 1597 (voluens

146 1630 244 1671 late
280 1643 413 1670 sacer
452 1630 655 1670 additur
695 1627 945 1669 Anchiseo.
1007 1630 1043 1668 et
1078 1626 1142 1668 lete
1180 1627 1309 1677 luens,
1346 1628 1417 1679 qul
1448 1628 1503 1668 ad
1533 1628 1734 1669 reddenda
1764 1627 1838 1668 sol·
1865 1631 1908 1661 20

148 1700 298 1742 lemma
329 1700 497 1741 Hectori
527 1703 564 1740 et
594 1699 841 1753 Astyanacti
869 1699 1008 1750 fuerat
1037 1699 1204 1739 dicatus.
1326 1709 1458 1739 FALSI
1492 1698 1696 1739 simulati.

263 1770 360 1812 303.
387 1788 554 1812 LIBABAT
578 1787 709 1812 CIXERI
737 1782 816 1810 non
847 1769 953 1810 dixit
983 1769 1107 1818 cuius,
1139 1769 1209 1809 sed
1237 1768 1331 1809 eccm
1364 1768 1550 1820 †.⁷at2'm·s
1580 1769 1838 1822 intelleyitzcr.

145 1843 202 1884 sie
232 1846 268 1883 et
299 1840 491 1883 emanes'.
651 1851 913 1889 MANESQVE
948 1850 1160 1880 VOCABAT
1194 1839 1412 1880 sacrificiis
1445 1839 1562 1880 inani
1595 1839 1839 1893 sepulturae

148 1913 405 1954 conciliabat
437 1926 583 1953 manes
615 1910 863 1952 Hectoreos.
916 1913 958 1951 et
988 1910 1096 1951 bene
1129 1910 1173 1950 in
1205 1910 1311 1964 luco,
1343 1912 1390 1951 ut
1422 1909 1607 1950 diximus
1641 1924 1778 1963 supra.

265 1984 363 2025 304.
413 1995 474 2024 AD
510 1993 737 2024 TVMVLVM
776 1981 818 2022 id
857 1983 922 2022 est
959 1980 1256 2035 cenotaphion.
1435 1992 1585 2021 vnum
1619 1991 1838 2021 CAESPITE
1867 1984 1909 2015 25

147 2055 342 2096 herboso.

267 2123 365 2165 305.
415 2135 618 2165 GEMINAS
652 2138 780 2165 unam
813 2123 990 2176 marito,
1021 2122 1203 2163 alteram
1236 2122 1344 2162 filio:
1390 2124 1464 2163 aut
1497 2124 1608 2162 certe
1641 2121 1746 2162 illud
1780 2136 1841 2161 re-

149 2195 288 2249 spicit,
309 2195 408 2249 quia
427 2194 554 2236 inferi
574 2194 669 2248 pari
689 2193 879 2248 gaudent
899 2207 1086 2246 numero,
1119 2194 1166 2233 ut
1199 2206 1309 2233 ecce
1341 2192 1366 2232 d
1377 2207 1463 2233 uas
1496 2192 1596 2233 tibi
1622 2191 1841 2245 Daphni,

150 2266 292 2319 superi
318 2280 417 2307 vero
444 2265 596 2319 inpari,
627 2267 675 2305 ut
706 2278 911 2305 numero
945 2263 1064 2304 deus
1098 2263 1274 2317 inpare
1308 2262 1514 2317 gaudet:
1546 2263 1605 2304 vel
1632 2262 1840 2316 ‘qeotee'tzccs'

149 2336 244 2377 Diti
266 2336 385 2388 patri
415 2339 452 2376 et
480 2335 772 2388 Proserpinam
812 2337 838 2386 ἢ
859 2337 933 2375 aut
962 2335 1060 2386 quia
1091 2334 1219 2375 datae.
1283 2331 1419 2388 (sane)
1452 2337 1703 2375 mortzcorwn
1734 2346 1842 2386 arae,
1869 2338 1912 2368 30

247 2456 289 2486 27
317 2453 380 2485 aut
406 2453 503 2486 certe
529 2451 623 2485 illud
648 2462 677 2486 e.
706 2463 738 2494 q.
766 2450 808 2493 5.]
838 2449 881 2485 cf.
910 2450 1012 2485 Luct.
1039 2450 1137 2484 Plac.
1165 2449 1211 2484 ad
1238 2449 1330 2484 Stat.
1358 2449 1473 2484 Theb.
1501 2449 1533 2482 V
1560 2451 1602 2482 86
1629 2449 1640 2492 ΙΙ
1668 2452 1713 2482 28
1740 2448 1840 2493 0000]

151 2500 233 2534 buc.
259 2499 292 2533 V
319 2499 455 2543 6611‘29
482 2499 648 2544 numero]
676 2498 756 2532 buc.
785 2497 870 2531 VIII
897 2501 939 2532 75

246 2609 261 2639 1
290 2605 388 2650 patri
414 2616 436 2639 a
461 2604 550 2648 quo]
578 2604 704 2648 pati‘a
729 2614 800 2648 que
828 2603 867 2637 F
900 2603 1095 2648 patriaque
1124 2603 1153 2637 O
1176 2605 1188 2647 ΙΙ
1213 2603 1371 2637 molosia
1396 2602 1535 2635 LHM
1558 2603 1569 2646 ΙΙ
1595 2601 1720 2645 quaml
1749 2600 1843 2635 sicut

152 2652 293 2687 dictum
325 2653 380 2686 est
405 2652 488 2686 add.
517 2651 599 2686 FO.
633 2653 678 2694 cf.
706 2652 764 2686 acl.
791 2662 822 2686 υ.
851 2652 917 2685 293
938 2652 988 2694 113
1017 2650 1212 2685 cahoniam
1238 2650 1281 2683 H
1295 2651 1306 2694 Η
1328 2655 1345 2684 7
1373 2649 1566 2693 linquitur]
1595 2648 1758 2691 loquitur
1779 2647 1844 2690 1¹¹}ss

150 2698 384 2744 progreditus
412 2700 460 2733 M
484 2700 513 2742 (1
538 2699 750 2743 proceditur
775 2708 949 2742 super-sor.
978 2699 1026 2741 m)
1045 2698 1057 2742 ΙΙ
1077 2702 1096 2732 8
1124 2698 1172 2731 acl
1197 2696 1416 2742 progredior
1442 2724 1448 2729 .
1478 2724 1484 2730 .
1513 2723 1518 2728 .
1548 2695 1716 2738 linquens
1743 2705 1842 2738 supr.

150 2757 236 2781 vers.
272 2747 342 2781 hoc
368 2746 523 2780 dicendo
551 2745 786 2780 securitatem
811 2744 971 2779 ostendit
996 2745 1083 2788 quia
1109 2744 1244 2779 ciuium
1270 2755 1384 2787 regna
1410 2743 1560 2787 petebat
1589 2743 1619 2775 T
1648 2744 1660 2785 Η
1693 2746 1729 2774 11
1762 2752 1842 2775 raro

154 2793 229 2828 FC
257 2794 269 2838 ΙΙ
300 2792 595 2837 uitiosissimum]
622 2792 902 2826 usitatissimum
931 2793 1022 2826 eom'.
1049 2792 1225 2835 Hagyeozus
1249 2793 1260 2834 ΙΙ
1294 2796 1336 2825 13
1363 2802 1434 2825 non
1460 2790 1590 2831 festas,
1618 2789 1679 2823 sed
1709 2789 1737 2821 C
1762 2790 1773 2831 ΙΙ
1802 2792 1843 2821 14

153 2853 289 2874 TRISTIA
315 2853 406 2873 noxA
433 2839 565 2874 acerba
589 2839 665 2873 tale
692 2851 717 2873 e.
745 2851 775 2883 q.
801 2850 828 2873 s.
855 2839 991 2873 Daniel
1010 2840 1021 2881 ΙΙ
1044 2843 1084 2872 17
1111 2838 1274 2883 ipsorum
1295 2838 1334 2872 E
1359 2839 1388 2881 (t
1413 2837 1559 2881 piorum
1584 2846 1758 2878 superser.
1785 2835 1813 2876 e)

154 2890 195 2920 18
223 2887 325 2921 nulla
344 2887 383 2920 Ε
400 2888 411 2929 ΙΙ
430 2887 532 2920 lucos
557 2885 769 2920 habitamus
796 2897 930 2930 opacos
958 2885 996 2919 F
1018 2886 1040 2920 l.
1068 2886 1103 2919 h.
1130 2897 1161 2920 o.
1191 2885 1247 2928 CH
1267 2889 1310 2918 20
1336 2885 1410 2918 lato
1437 2895 1500 2917 om.
1524 2882 1563 2916 F
1579 2884 1589 2924 11
1610 2881 1756 2915 achiseo
1778 2881 1817 2914 F
1834 2882 1844 2925 ’ζ

151 2938 194 2967 21
222 2934 363 2968 dicatos
391 2933 519 2976 F11<22
547 2946 669 2966 011101111-
698 2933 736 2966 F
752 2933 763 2976 ΙΙ
782 2932 893 2966 latius
908 2933 1044 2967 Daniel
1070 2933 1159 2967 satis
1174 2944 1233 2974 erlo
1261 2943 1303 2965 ex
1329 2932 1422 2964 infra
1448 2929 1555 2963 dictis
1572 2919 1835 2963 ]‹'.m'0710ellius¹

154 2985 198 3014 23
225 2980 344 3015 inanis
371 2981 404 3013 L
424 2981 498 3023 1125
524 2980 695 3013 scholium
721 2981 768 3013 ad
794 2980 840 3013 ad
866 2980 1048 3013 tumulum
1076 2991 1140 3014 om.
1170 2979 1208 3012 F
1224 2980 1235 3021 ΙΙ
1255 2978 1457 3012 conctafion
1487 2977 1516 3010 G
1551 2976 1779 3009 eaenvmfion
1806 2975 1849 3008 II

154 3028 359 3062 canetafion
384 3028 422 3060 E
440 3029 451 3071 ΙΙ
470 3032 513 3061 28
542 3026 643 3071 quia]
672 3038 758 3060 nam
779 3026 853 3060 FO
876 3026 963 3070 quid
984 3027 1027 3060 II
1041 3028 1053 3070 ΙΙ
1072 3028 1129 3061 ut.
1146 3055 1152 3061 .
1171 3036 1337 3060 ,numero
1364 3036 1429 3057 om.
1448 3024 1476 3057 C
1493 3026 1504 3066 ΙΙ
1524 3028 1567 3057 30
1594 3022 1670 3056 Diti
1692 3022 1844 3055 Daniel:

157 3073 246 3108 dicti
271 3074 310 3108 F
325 3075 337 3117 ΙΙ
367 3074 493 3120 datae]
520 3074 641 3108 elatae
669 3074 814 3108 Daniel.
854 3085 876 3107 a
901 3073 1013 3108 uidua
1039 3074 1145 3108 datas
1172 3073 1217 3107 1⁸.
1245 3072 1450 3106 Schoenitas.
1500 3072 1651 3113 sortasse
1676 3070 1740 3104 ant
1768 3069 1842 3113 ‘gc-

154 3120 287 3155 minas’
319 3121 409 3155 duas
