2204 3437
561 206 709 242 COMM.
736 206 787 240 IN
813 205 954 241 VERG.
982 206 1090 240 AEN.
1119 206 1177 241 IV.
1206 210 1400 242 coe—016.
1734 206 1812 247 571

133 315 327 369 eripuit
364 315 702 370 volucresque
739 315 838 357 fati
875 314 1106 357 tardavit
1151 314 1270 356 alas.
1339 318 1380 356 et
1424 316 1530 357 bene
1575 313 1821 365 ‘tardavit’‚

133 386 231 440 quia
260 386 494 428 necessitas
527 387 607 428 fati
638 386 835 440 impediri
860 388 1016 440 potest,
1041 400 1126 426 non
1153 385 1323 439 penitus
1353 386 1482 427 eludi:
1516 386 1575 427 sic
1601 386 1820 441 Vergilius

132 455 265 510 <VIII
299 457 413 510 398>
455 473 546 499 nee
588 457 699 498 fata
736 458 981 498 vetabant
1020 459 1156 498 stare
1195 456 1464 511 decemque
1503 458 1634 498 alios
1677 457 1820 498 Pria-

132 541 263 568 mum
296 542 567 582 superesse
598 543 685 583 per
718 543 885 570 annos.
946 529 1113 581 quidam
1144 527 1215 568 hoe
1251 529 1357 580 quod
1386 529 1483 569 (licit
1520 527 1583 568 ‘di
1613 529 1822 569 morientis

130 597 314 640 Elissae'
345 600 563 641 seeundum
604 613 668 642 eos
708 601 891 650 tradunt,
933 600 1005 652 qui
1044 599 1183 639 diezmt
1220 597 1362 639 habere
1401 611 1474 639 nos
1513 599 1693 651 s‘e'wyulos
1732 600 1822 640 deos

129 672 304 721 nostros,
347 673 393 711 ut
436 670 548 724 <XII
586 670 701 724 539>
744 684 826 712 nee
864 671 914 712 di
959 673 1114 711 texere
1158 668 1444 723 Cupencum,
1488 669 1651 711 Aenea
1693 670 1822 711 veni-

130 743 251 791 ente,
282 742 373 783 sui.

250 811 346 853 611.
396 829 569 854 Aconum:
598 813 745 854 audite.
854 823 1160 861 MERITVMQVE
1194 822 1331 853 MALIS
1363 822 1629 852 ADVERTITE
1662 823 1822 853 NVMEN

131 882 244 935 quod
275 882 378 924 mali
409 886 636 924 merentur.

248 953 344 995 612.
394 965 567 995 AVDITE
600 965 770 996 PREOES
797 954 1107 1008 inprecationes
1134 953 1254 995 dicit:
1286 968 1387 994 nam
1418 968 1504 994 nou
1537 956 1636 995 sunt
1663 967 1821 1007 preces,

130 1025 178 1064 ut
209 1024 337 1077 paulo
369 1027 468 1078 post
499 1024 640 1078 (629)
673 1023 888 1079 ‘inprecor
920 1040 1040 1066 arma
1072 1023 1236 1066 armis'.

248 1095 346 1136 613.
394 1111 541 1138 INFAND
550 1112 603 1137 VM
626 1112 749 1138 CAPVT
770 1096 892 1137 etiam
928 1096 975 1137 in
1005 1095 1277 1148 inprecatione
1306 1108 1452 1136 nomen
1483 1096 1568 1137 eius
1597 1096 1824 1137 detestatur.

217 1175 405 1205 ADNARE
449 1165 613 1206 verbum
650 1165 863 1217 familiare
904 1166 1142 1219 nazffmyio,
1186 1167 1234 1206 ut
1276 1165 1319 1206 in
1365 1166 1505 1219 primo
1550 1166 1692 1220 <538>
1731 1166 1824 1207 huc

129 1235 277 1288 pauci
309 1236 499 1277 vestris
532 1236 830 1278 adnavimus
865 1236 986 1290 oris,
1017 1236 1060 1277 id
1093 1239 1158 1277 est
1188 1250 1263 1290 per
1289 1239 1590 1291 tempestatem
1617 1238 1823 1279 venimus.

130 1307 173 1346 et
203 1306 316 1348 bono
350 1307 490 1349 colore
522 1307 665 1348 futura
703 1306 930 1362 praedicit,
968 1307 1306 1360 quemadmodum
1342 1306 1564 1361 Homerus,
1595 1309 1667 1361 qui
1702 1309 1822 1350 mori-

130 1380 242 1420 turos
272 1379 500 1421 divinantes
528 1378 757 1432 frequenter
787 1380 955 1420 inducit.

248 1449 344 1490 614.
393 1461 511 1491 FATA
543 1461 665 1491 1ovls
703 1461 909 1492 PoschT
949 1448 1080 1501 ‘fata'
1122 1449 1247 1503 dieta,
1290 1450 1332 1490 id
1367 1452 1424 1491 est
1468 1450 1582 1492 Iovis
1619 1451 1825 1492 voluntas:

128 1519 192 1561 hic
222 1533 311 1574 erqo
342 1521 615 1576 participium
648 1523 728 1575 est,
767 1535 852 1562 non
888 1534 1057 1562 nomen.
1177 1531 1407 1563 TERMINVS
1453 1532 1639 1563 HAERET
1679 1522 1713 1563 si
1745 1521 1826 1564 hoc

131 1592 196 1632 est
226 1591 492 1634 inmutabile.

247 1663 345 1705 615.
395 1656 593 1705 AVDACIS
627 1675 795 1706 POPVLI
828 1664 872 1705 id
901 1666 958 1705 est
987 1662 1257 1718 Rutulorum,
1291 1663 1401 1706 sicut
1433 1679 1601 1718 semper
1626 1664 1825 1706 inducun—

92 1778 95 1780 ,
130 1736 219 1776 tur:
253 1734 357 1776 alibi
390 1734 499 1788 <VII
532 1734 647 1788 409>
681 1735 890 1776 audacis
928 1734 1109 1776 Rutuli
1148 1734 1207 1775 ad
1246 1749 1425 1776 muros,
1487 1739 1524 1776 et
1559 1736 1726 1789 quidam
1762 1750 1824 1778 vo-

131 1806 220 1847 lum‘
251 1805 484 1848 ‘audacem'
517 1807 630 1859 apud
666 1806 888 1860 Veryilz'um
920 1806 1001 1847 dici
1023 1806 1167 1858 fortem
1193 1820 1309 1859 quem
1332 1806 1501 1858 fortuna
1526 1821 1608 1848 non
1632 1807 1824 1860 sequitur,

129 1880 176 1918 ut
207 1876 342 1931 <VIII
378 1877 487 1930 110>
518 1868 683 1919 audax
712 1891 829 1930 quos
859 1891 1083 1930 rumpere
1113 1877 1287 1919 Pallas
1317 1880 1354 1919 et
1383 1877 1484 1918 alibi
1515 1877 1603 1930 <IX
1634 1878 1744 1931 124>
1777 1881 1827 1919 at

129 1962 225 1990 non
255 1948 432 1990 audaci
465 1948 639 1990 Turno.
756 1965 930 1990 VEXATVS
958 1948 1029 1989 hoc
1061 1949 1141 1990 loco
1174 1948 1371 2002 ‘yraviter
1400 1947 1613 1990 vastatus&

248 2019 346 2062 616.
394 2031 575 2061 FINIBVS
608 2031 832 2062 EXTORRIS
868 2021 987 2060 extra
1020 2035 1116 2061 suas
1150 2022 1285 2061 terras
1324 2022 1533 2074 remotus,
1570 2021 1674 2061 sieut
1709 2023 1823 2061 extra

129 2091 260 2132 solum
303 2089 448 2132 (παῖ’.
517 2093 559 2132 et
604 2091 815 2146 significat
859 2090 1027 2144 quando
1072 2089 1262 2132 Euandri
1308 2093 1350 2131 et
1393 2090 1628 2132 Tarchonis
1672 2092 1826 2145 petivit

131 2161 349 2203 auxilium.
476 2179 678 2204 COMPLEXV
702 2178 881 2203 Avnsrs
908 2178 995 2203 IVLI
1033 2162 1133 2214 quia
1176 2162 1250 2203 seit
1290 2175 1414 2214 quam
1458 2162 1514 2202 sit
1555 2175 1674 2203 carus
1707 2163 1826 2215 patri

226 2294 243 2325 1
271 2291 309 2324 et
333 2291 425 2325 bene
452 2290 616 2325 tardavit
725 2290 840 2336 eludi]
870 2289 914 2325 cf.
941 2290 1044 2324 Luct.
1072 2290 1170 2324 Plac.
1199 2290 1245 2324 ad
1273 2290 1364 2324 Stat.
1393 2290 1507 2324 Theb.
1530 2289 1578 2323 IV
1601 2294 1666 2324 677
1686 2292 1698 2335 ΙΙ
1721 2294 1761 2324 15
1788 2291 1826 2325 et

130 2336 227 2372 bono
254 2337 376 2373 colore
402 2365 409 2373 .
432 2365 439 2372 .
461 2365 468 2371 .
494 2336 651 2382 inducit]
679 2336 723 2373 cf.
752 2337 853 2372 Luct.
882 2337 979 2372 Plac.
1008 2337 1053 2372 ad
1080 2336 1173 2372 Stat.
1202 2337 1315 2373 Theb.
1343 2338 1410 2372 VII
1438 2341 1505 2371 700
1525 2338 1537 2381 ΙΙ
1557 2341 1600 2371 25
1628 2338 1730 2372 extra
1756 2366 1762 2372 .
1785 2364 1792 2372 .
1814 2365 1821 2372 .

130 2384 310 2431 remotus]
337 2384 382 2421 cf.
408 2385 493 2420 Isid.
521 2396 571 2420 or.
599 2385 632 2418 X
658 2387 701 2419 85

225 2508 245 2539 2
273 2503 418 2539 excludi
443 2503 483 2538 in
507 2515 580 2540 ras.
601 2504 613 2538 l
631 2504 643 2548 ΙΙ
663 2508 682 2538 3
708 2503 889 2538 uetabunt
913 2503 1005 2537 LM
1020 2504 1032 2548 ss
1052 2504 1147 2538 stare
1170 2531 1176 2538 .
1194 2531 1224 2539 ..
1245 2513 1359 2538 annos
1386 2513 1451 2537 om.
1470 2503 1508 2536 F
1524 2503 1535 2547 ΙΙ
1556 2503 1653 2537 stare
1679 2502 1821 2537 decem-

132 2551 218 2597 que]
246 2553 322 2586 stat
346 2550 534 2595 erexitque
562 2552 610 2585 M
627 2553 638 2595 ΙΙ
664 2555 686 2585 4
711 2550 861 2595 quidam
890 2580 895 2585 .
924 2580 930 2585 .
959 2577 966 2583 .
992 2551 1144 2585 tradunt
1169 2561 1233 2585 om.
1263 2550 1302 2585 F
1323 2551 1336 2595 ΙΙ
1364 2554 1383 2584 5
1411 2561 1477 2585 nos
1508 2550 1554 2583 T:
1580 2553 1600 2584 ἦ
1627 2549 1665 2583 F
1688 2551 1699 2593 ΙΙ
1726 2554 1745 2584 6
1772 2549 1823 2584 dii

132 2598 212 2633 FT
228 2600 241 2644 ΙΙ
258 2599 375 2634 tetere
403 2598 442 2632 F
457 2599 469 2644 ΙΙ
488 2609 641 2634 aeneam
666 2598 875 2633 uenientem
904 2610 948 2633 .u.
979 2597 1011 2632 Τ
1025 2600 1036 2643 ΙΙ
1061 2602 1081 2633 8
1108 2599 1156 2633 ad
1182 2597 1338 2643 accipite
1363 2608 1462 2642 supr.
1490 2608 1575 2632 vers.
1604 2597 1728 2631 audite
1758 2597 1790 2631 Τ
1813 2598 1823 2642 Η

1115 2665 1135 2683 D

131 2705 355 2734 nami-vuovm
380 2706 483 2728 MALIS
510 2695 548 2728 et
573 2693 716 2737 reliqua
743 2692 782 2726 F
802 2693 814 2737 ΙΙ
845 2692 1059 2738 ΑυνΕιιΤιΤΕ]
1091 2705 1262 2727 ΑνΕιιΤιΤΕ
1289 2692 1322 2726 L
1359 2703 1491 2726 AvEnsA
1520 2692 1561 2725 H
1595 2692 1635 2726 A.
1666 2691 1713 2724 M
1736 2692 1748 2734 ΙΙ
1781 2695 1823 2725 10

132 2740 441 2786 inpredicationes
467 2741 500 2775 L
519 2742 530 2785 ΙΙ
559 2745 599 2775 12
627 2741 675 2776 ad
699 2739 892 2774 infandum
918 2741 1029 2784 caput
1053 2751 1153 2784 supr.
1180 2750 1266 2774 vers.
1294 2738 1406 2773 etiam
1434 2767 1441 2773 .
1463 2767 1470 2773 .
1493 2767 1498 2771 .
1527 2738 1730 2772 detestatur
1759 2737 1790 2771 T
1813 2738 1823 2783 Ι]

134 2792 176 2822 13
203 2788 252 2823 ad
277 2788 411 2824 adnare
443 2799 542 2832 supr.
569 2799 657 2823 vers.
683 2798 748 2832 per
778 2788 1038 2831 tempestatem
1070 2786 1264 2832 nauigare,
1297 2787 1337 2820 in
1362 2797 1474 2830 mmy.
1502 2786 1637 2820 adnare
1670 2785 1822 2819 uerbum

133 2834 316 2870 familiare
342 2837 399 2871 est
421 2834 616 2879 naufragio
646 2863 651 2870 .
681 2863 687 2869 .
715 2861 722 2868 .
749 2833 891 2868 inducit
920 2834 952 2868 T
973 2834 985 2879 1}
1016 2834 1101 2880 huc]
1131 2834 1190 2868 hic
1217 2834 1257 2868 H
1280 2834 1292 2878 ΙΙ
1326 2838 1367 2867 14
1394 2832 1653 2867 deuenenimus
1685 2832 1714 2865 Τ
1737 2833 1749 2876 Η
1780 2836 1822 2865 15

131 2883 227 2917 bono
253 2883 393 2929 colore]
420 2882 471 2917 sic
497 2882 531 2917 ei
558 2882 637 2916 FT
658 2884 669 2927 ΙΙ
701 2881 994 2925 quaeadmodum
1022 2881 1062 2915 F
1083 2883 1095 2926 ΙΙ
1128 2886 1168 2915 17
1196 2882 1244 2915 ad
1270 2881 1346 2915 fata
1375 2880 1396 2914 l.
1424 2891 1522 2923 supr.
1549 2890 1634 2913 vers.
1663 2879 1762 2913 dicta
1787 2879 1822 2912 id

134 2931 191 2964 est
215 2930 386 2965 uoluntas
412 2929 508 2965 iouis
537 2930 568 2963 T
585 2931 597 2973 ΙΙ
619 2933 659 2963 18
686 2927 923 2973 participium
949 2928 1021 2974 est]
1049 2940 1071 2963 a
1090 2928 1202 2963 fando
1223 2929 1328 2972 vulyo
1348 2928 1499 2961 additur
1517 2928 1529 2971 ΙΙ
1548 2930 1592 2960 20
1612 2926 1823 2960 indicuntur

133 2976 225 3011 NH
239 2978 250 3020 ΙΙ
269 2981 311 3011 21
340 2977 480 3023 muros]
507 2988 627 3011 mores
654 2976 743 3010 NH
758 2977 770 3019 ΙΙ
795 2976 944 3020 quidam
970 2976 1102 3010 uolunt
1122 3005 1128 3011 .
1145 3005 1151 3011 .
1169 2997 1177 3010 ,ν
1197 2979 1236 3009 at
1261 2986 1332 3009 non
1360 2973 1492 3008 audaci
1518 2977 1624 3007 turno
1651 2974 1691 3007 in
1709 2983 1822 3017 mary.

136 3024 169 3058 T
185 3025 198 3069 ΙΙ
216 3027 260 3058 23
287 3025 338 3069 at]
365 3026 403 3059 et
429 3024 468 3058 F
484 3026 495 3069 ΙΙ
514 3028 559 3058 24
585 3024 634 3058 ad
658 3024 811 3057 uexatus
835 3034 933 3067 supr.
960 3034 1046 3059 vers.
1074 3022 1238 3067 grauiter
1263 3023 1428 3055 uastatus
1461 3021 1516 3064 ΤΙΙ
1536 3021 1725 3069 anastatus
1752 3019 1791 3053 F
1812 3021 1823 3064 l!

135 3074 179 3105 25
206 3083 379 3107 ΕΧΤοιωεε
406 3071 446 3106 F
460 3073 472 3117 ΙΙ
491 3072 653 3106 remotos
680 3069 720 3104 F
735 3072 747 3114 ΙΙ
772 3074 815 3104 26
842 3071 1025 3105 tarthonis
1051 3070 1089 3104 F
1124 3069 1326 3104 tei-choatis
1354 3068 1395 3101 N
1428 3068 1628 3101 tarcunctis
1656 3067 1687 3100 L
1724 3067 1822 3101 thar—

135 3117 267 3153 contiis
293 3118 337 3153 H
369 3118 545 3154 tax-contis
573 3119 621 3152 M
654 3119 666 3162 ss
702 3121 745 3152 27
773 3117 822 3152 ad
847 3118 1040 3162 complexu
1065 3128 1096 3152 a.
1125 3118 1149 3151 1.
1176 3128 1273 3160 supr.
1300 3126 1386 3149 vers.
1414 3114 1501 3158 quia
1533 3142 1540 3150 .
1569 3143 1575 3149 .
1604 3142 1610 3149 .
1643 3114 1823 3149 ascanius.

135 3165 283 3200 auulsas
309 3166 513 3202 abstractus
545 3165 576 3199 T

206 3230 301 3257 Servii
323 3238 424 3258 comm.
446 3232 511 3258 Vol.
532 3231 554 3258 Ι.
576 3231 661 3256 Faue.
682 3231 721 3255 ΙΙ,
1498 3225 1540 3255 37

1848 607 1867 637 271

1851 964 1892 994 10

1853 1319 1895 1349 15

1851 1674 1894 1705 20

1850 2030 1893 2059 25
