2204 3437
826 187 1107 222 PRAEFATIO.
1639 188 1699 223 LX
1708 189 1807 222 XVII

108 293 279 334 Donato
311 294 497 347 petitum
529 310 631 337 esse.
686 298 873 337 ceterum
896 293 1101 336 Serviana
1130 295 1216 336 vita
1247 310 1334 337 non
1366 298 1432 336 est
1463 296 1589 350 plene
1623 299 1805 350 servata,

107 365 415 406 interciderunt
455 367 569 407 enim
602 380 709 420 quae
748 365 798 406 de
837 368 975 406 morte
1014 368 1168 420 poetae
1211 368 1252 406 et
1291 366 1340 407 de
1384 366 1618 407 carminum
1658 367 1805 407 ordine

113 436 306 488 exposita
339 434 523 492 erant:¹)
557 451 737 491 quorum
765 450 858 477 cum
885 436 928 476 in
950 436 1009 477 eis
1043 436 1113 490 qui
1140 436 1263 477 hodie
1291 439 1440 478 extant
1478 436 1692 477 codicibus
1731 452 1807 478 nec

108 506 207 546 vola
238 521 316 547 nec
347 507 581 562 vestigium
621 509 845 561 appareat,
883 506 1050 548 videtur
1088 505 1317 549 Servianus
1352 507 1686 549 commentarius
1722 522 1806 548 non

108 576 170 617 ita
202 577 339 618 multo
372 579 599 631 postquam
632 577 770 618 editus
799 579 881 631 est,
914 591 1008 618 eam
1042 578 1252 619 iacturam
1285 578 1449 620 fecisse.
1506 593 1634 619 causa
1661 578 1806 619 damni

108 646 206 688 inde
240 647 424 689 fortasse
456 648 687 701 repetenda
720 651 785 688 est
824 648 953 702 quod,
993 662 1087 689 cum
1122 663 1170 690 ea
1204 649 1334 690 etiam
1370 664 1477 703 quae
1510 648 1607 689 inde
1641 664 1665 689 a
1697 664 1736 702 p.
1770 649 1807 702 2,

115 719 166 759 10
197 718 324 760 huius
358 719 615 773 exemplaris
650 720 853 774 leguntur
886 719 938 760 a‘d
971 719 1110 773 ipsam
1131 719 1365 760 Aeneidem
1394 720 1653 773 pertineant,
1679 720 1806 760 rebus

109 789 196 830 illis
223 789 491 843 interpositis
519 790 780 831 continuitas
804 790 1083 844 expositionis
1113 790 1279 831 turbari
1312 790 1548 831 videbatur.
1605 790 1672 830 his
1700 804 1807 843 quae

109 860 315 913 proposui
346 859 506 901 Donati
546 861 875 902 commentarios
910 858 1104 901 Servium
1144 861 1376 915 diligenter
1415 861 1574 915 legisse
1614 864 1655 901 et
1693 861 1805 901 haud

110 945 247 984 pauca
280 946 330 972 ex
362 931 422 972 eis
456 931 747 985 adsumpsisse
767 931 999 985 probatum
1034 946 1125 972 esse
1157 935 1274 985 puto.
1333 932 1567 973 secundum
1587 931 1805 972 Donatum

111 1015 207 1042 cum
240 1001 405 1043 Vrbani
438 1002 677 1043 sententiae
710 1017 735 1042 a
767 1000 914 1042 Servio
949 1002 1198 1055 saepissime
1231 1004 1590 1044 commemoratae
1626 1002 1723 1055 sint,
1756 1017 1805 1043 ex

106 1071 273 1113 Vrbani
319 1087 484 1126 quoque
529 1073 834 1114 commentario
881 1072 924 1112 in
965 1071 1215 1114 Servianum
1262 1073 1367 1114 satis
1413 1074 1551 1114 multa
1594 1073 1805 1114 translata

108 1157 199 1183 esse
236 1143 362 1184 facile
401 1143 643 1185 conieceris.
705 1143 914 1196 reliquam
959 1143 1008 1184 de
1047 1141 1182 1184 Servii
1224 1144 1471 1186 auctoribus
1511 1144 1804 1198 quaestionem

105 1227 191 1254 non
223 1216 374 1268 tango:
414 1229 521 1268 quae
555 1228 680 1268 quam
714 1213 901 1254 difficilis
948 1214 1003 1255 sit
1042 1229 1249 1268 quamque
1282 1215 1447 1256 lubrica
1491 1230 1541 1256 ex
1573 1215 1657 1256 illis
1698 1229 1805 1268 quae

109 1299 237 1339 supra
269 1285 319 1326 de
351 1285 626 1340 neglegentia
658 1285 930 1339 grammatici
963 1285 1050 1326 dixi
1085 1288 1275 1339 apparet.
1333 1285 1415 1327 hoc
1448 1301 1579 1327 unum
1614 1285 1722 1327 addo
1756 1300 1805 1325 ex

104 1355 250 1396 latinis
284 1356 566 1409 scriptoribus
599 1355 815 1396 neminem
847 1356 982 1397 videri
1016 1356 1227 1410 aptiorem
1260 1356 1391 1398 fuisse
1419 1357 1490 1411 qui
1518 1356 1665 1398 Servio
1693 1371 1805 1398 com-

105 1426 370 1479 pendiariam
402 1427 523 1468 illam
557 1427 788 1468 multarum
809 1441 952 1468 rerum
980 1427 1522 1482 scientiam'suppeditaret
1555 1443 1683 1482 quam
1705 1425 1805 1468 Sue-

105 1497 271 1538 tonium
316 1497 633 1552 Tranquillum,
678 1513 701 1539 a
747 1513 829 1552 quo
883 1498 1157 1553 antiquorum
1205 1499 1444 1540 doctrinam
1491 1499 1542 1540 ad
1588 1498 1803 1539 inferioris

106 1568 261 1609 aetatis
295 1570 439 1610 studia
472 1569 847 1611 adcommodatam
889 1584 981 1611 esse
1014 1569 1388 1611 Reifferscheidius
1420 1584 1507 1611 non
1538 1584 1622 1610 uno
1657 1567 1803 1610 Sueto-

104 1638 328 1681 nianarum
367 1641 667 1695 quaestionum
694 1641 788 1682 loco
823 1641 1022 1682 ostendit.

224 1709 418 1752 Serviani
451 1712 747 1753 commentarii
773 1711 976 1766 permulti
1004 1711 1128 1753 hodie
1162 1714 1309 1752 extant
1341 1712 1442 1753 libri
1475 1727 1602 1753 manu
1635 1711 1785 1764 scripti
1806 1712 1849 1736 De
1879 1713 2013 1737 501'V1211‘1

1789 1745 2014 1773 7coninn=ntarii

105 1783 153 1821 ut
183 1781 251 1822 vel
284 1796 354 1823 eos
398 1797 503 1837 quos
546 1783 637 1836 ipse
679 1782 1013 1823 examinaverim
1056 1797 1204 1824 omnes
1247 1797 1580 1824 commemorare
1622 1782 1892 1836 lorigi1m¹ib¹'³³
1914 1792 2003 1808 ¹¹¹³¹¹¹¹

1844 1820 1970 1849 scriptis*

105 1851 173 1892 sit.
229 1852 371 1906 itaque
403 1853 482 1894 hos
523 1855 693 1894 tantum
737 1868 843 1907 quos
891 1853 943 1894 ad
985 1853 1290 1894 recensendum
1334 1853 1689 1895 commentarium
1731 1853 1800 1893 ad—

104 1921 225 1963 hibui
255 1924 384 1976 paulo
418 1924 656 1965 accuratius
697 1924 937 1965 describam
978 1927 1106 1978 atque
1146 1939 1229 1978 qua
1267 1924 1434 1966 ratione
1480 1925 1538 1965 eis
1579 1939 1679 1965 usus
1720 1925 1800 1964 sim

105 2007 331 2048 exponam,
365 2010 385 2035 e
418 1995 593 2048 reliquis
628 2010 698 2036 eos
730 1995 963 2037 nominabo
997 1995 1069 2049 qui
1092 1995 1235 2049 aliqua
1261 1996 1310 2036 de
1345 2010 1472 2036 causa
1499 1995 1800 2036 memorabiles

104 2063 312 2105 videntur.

221 2133 384 2176 Eorum
417 2135 551 2190 igitur
583 2137 655 2190 qui
695 2136 800 2177 mihi
838 2138 1010 2189 praesto
1044 2135 1217 2177 fuerunt
1250 2137 1440 2178 codicum
1477 2136 1800 2189 antiquissimus

105 2208 170 2246 est
202 2204 431 2247 Bernensis
465 2207 570 2261 363,
602 2207 645 2248 in
681 2207 761 2247 197
798 2206 1061 2247 membranis
1106 2207 1269 2248 formae
1308 2209 1537 2261 quadratae
1580 2222 1604 2248 a
1643 2206 1800 2247 scotico

104 2276 312 2317 monacho
359 2277 542 2331 scriptus
589 2278 760 2319 saeculo
805 2292 930 2319 nono.
946 2275 978 2330 2)
1034 2292 1134 2318 nam
1179 2278 1251 2332 qui
1295 2281 1446 2320 octavo
1491 2278 1660 2320 saeculo
1706 2292 1800 2318 eum

104 2444 275 2480 habuisse
302 2445 463 2480 videtur:
490 2457 576 2480 nam
603 2457 686 2480 cum
713 2446 887 2490 quattuor
912 2456 1037 2480 versus
1071 2458 1162 2490 quos
1194 2447 1232 2481 in
1265 2447 1450 2482 Aeneidos
1484 2447 1591 2482 initio
1626 2458 1647 2481 a
1679 2448 1801 2482 Tucca

104 2499 142 2532 et
167 2498 278 2533 Vario
306 2498 447 2534 deletos
475 2511 553 2534 esse
581 2498 728 2532 Servius
755 2509 899 2542 quoque
926 2500 1084 2534 testatus
1113 2500 1186 2543 est,
1214 2501 1577 2545 commemoraverit,
1604 2501 1689 2535 illos
1712 2501 1799 2535 omi-

89 2551 162 2587 sit.
202 2562 245 2585 ea
270 2563 308 2586 re
335 2552 588 2596 confirmatur⁷
619 2551 657 2585 ni
690 2551 814 2593 fallor,
849 2552 947 2595 quod
974 2552 1197 2588 Ribbeckius
1229 2553 1320 2598 prol.
1355 2567 1389 2599 p.
1424 2558 1467 2588 9⁵2
1496 2566 1575 2598 sqq.
1622 2554 1799 2598 suspicari

103 2615 140 2638 se
167 2604 280 2647 dixit,
307 2615 329 2638 a
355 2604 470 2639 sciolo
497 2604 622 2639 nescio
649 2615 721 2648 quo
749 2603 929 2638 acuminis
962 2606 1175 2639 ostentandi
1202 2617 1313 2641 causa
1339 2607 1405 2641 hos
1432 2619 1558 2641 versus
1587 2606 1797 2652 suppositos

104 2668 193 2692 esse.
238 2668 332 2701 quae
361 2658 407 2692 ad
433 2658 520 2692 Aen.
549 2658 670 2692 1156ss
698 2656 736 2690 in
763 2668 836 2691 uno
864 2657 1078 2693 Cassellano
1106 2660 1284 2694 adnotata
1306 2662 1390 2694 sunt
1410 2660 1587 2705 plenioris
1616 2671 1798 2694 commen—

104 2709 189 2744 tarii
215 2712 343 2745 auctor
369 2722 388 2745 e
417 2710 536 2746 Servii
562 2709 792 2755 praefatione
818 2709 997 2754 petivisse
1024 2711 1187 2747 videtur:
1220 2715 1262 2747 ut
1293 2713 1339 2746 ab
1365 2724 1437 2747 uno
1467 2713 1594 2748 Servio
1621 2712 1799 2747 memoria

104 2774 276 2797 versuum
302 2762 450 2797 illorum
476 2766 621 2798 servata
648 2762 705 2798 sit.
844 2766 875 2806 1)
903 2763 948 2799 cf.
977 2764 1094 2799 Servii
1120 2766 1233 2809 praef.
1260 2765 1514 2800 bucolicorum
1537 2766 1590 2801 ‘et
1617 2766 1707 2800 dicit
1729 2766 1798 2798 Do-

104 2818 231 2858 natus,
258 2816 357 2860 quod
384 2817 496 2850 etiam
523 2815 561 2850 in
587 2818 721 2861 poetae
749 2816 1036 2851 memoravimus
1063 2817 1156 2860 vita,
1188 2818 1226 2852 in
1253 2818 1453 2853 scribendis
1482 2819 1704 2853 carminibus
1738 2829 1799 2852 na-

104 2868 261 2903 turalem
290 2868 456 2903 ordinem
482 2871 648 2904 secutum
675 2880 752 2904 esse
779 2865 1007 2913 Virgilium’.
1177 2875 1210 2916 2)
1243 2872 1417 2916 Hagenus
1450 2871 1557 2906 catal.
1587 2871 1663 2905 cod.
1694 2871 1796 2904 Bcrn.

104 2933 139 2965 p.
162 2925 228 2956 347
246 2933 324 2966 sqq.
371 2921 536 2957 codicem
563 2922 732 2956 accurate
761 2922 956 2966 descripsit
982 2925 1017 2957 et
1043 2935 1138 2967 quae
1160 2935 1201 2958 eo
1223 2923 1459 2958 continentur
1484 2922 1672 2956 indicavit.
1700 2921 1797 2956 idcm

106 2973 271 3008 carmina
297 2985 390 3018 quae
417 2975 480 3010 sol.
511 2979 576 3010 194
603 2987 680 3020 sqq.
726 2976 853 3009 extant
878 2975 916 3009 in
946 2974 1042 3010 libro
1075 2976 1134 3011 cui
1159 2976 1347 3021 inscripsit
1375 2975 1551 3010 ‘carmina
1578 2974 1690 3009 medii
1716 2974 1798 3009 aevi

105 3027 305 3061 maximam
332 3028 476 3071 partem
503 3027 658 3063 inedita’
688 3033 755 3072 p.1
781 3040 857 3072 sqq.
890 3028 1029 3073 publici
1056 3030 1145 3065 iuris
1172 3030 1268 3064 fecit.
1314 3039 1335 3062 a
1361 3027 1498 3062 scotico
1526 3028 1673 3062 homine
1699 3027 1797 3062 codi-

107 3091 185 3114 cem
217 3082 407 3115 exaratum
440 3092 520 3116 esse
556 3082 593 3115 et
627 3079 726 3114 iricis
762 3081 896 3125 glossis
935 3083 1140 3118 ostenditur
1172 3085 1207 3116 ct
1242 3082 1299 3114 his
1332 3080 1498 3116 versibus
1534 3080 1595 3124 qni
1630 3080 1800 3115 carminis

107 3131 254 3176 septimi
279 3142 338 3177 ap.
364 3132 559 3177 Hagenum
587 3134 672 3168 sunt
697 3137 740 3167 22
769 3136 805 3168 et
831 3138 893 3169 23:
