2132 3354
843 122 1130 159 PRAEFATIO.
1763 119 1828 152 Vll

142 241 260 283 nullo
299 239 423 281 modo
457 238 508 279 ad
542 238 720 278 alteram
752 233 917 289 vulgati
951 231 1103 273 scholii
1134 232 1301 284 partem
1334 228 1428 282 (alut
1458 229 1624 270 latenter
1655 260 1670 270 ,ν
1699 261 1706 269 .
1739 260 1747 269 .
1780 231 1829 268 ic-

141 311 251 365 nere)
289 309 437 351 referri
475 322 617 362 posse,
659 309 707 348 ut
745 318 834 358 eosyo
866 303 974 344 illud
1016 300 1116 356 quid
1156 300 1239 341 sibi
1277 300 1381 341 velit
1419 314 1504 340 non
1545 298 1832 353 intellegatur.

142 384 291 424 contra
328 380 474 422 omnia
511 379 618 420 bene
657 392 701 419 se
738 376 900 417 habent
930 373 1004 415 ubi
1037 387 1131 414 cum
1169 372 1263 424 ipso
1302 370 1443 424 priore
1483 369 1776 411 additamento
1810 384 1833 409 a

142 452 329 507 vulgatis
363 453 560 506 separato
594 449 775 490 alterum
808 444 1089 487 coniunxeris.
1114 467 1162 472 —
1191 442 1212 483 I
1248 442 1326 482 127
1362 440 1506 481 mirati
1540 442 1638 481 sunt
1670 442 1833 481 veteres

143 524 399 577 interpretes
448 535 577 576 quare
618 522 746 574 poeta
784 516 1033 571 Neptunum
1071 514 1264 569 quamvis
1304 511 1510 567 ‘graviter
1547 509 1836 564 commotum’‚

144 594 374 649 eplacidum
401 591 545 646 caput’
574 604 739 632 summa
764 588 877 631 unda
905 586 1108 628 extulisse
1134 584 1300 626 dixerit.
1343 586 1471 637 atque
1492 581 1657 636 vulgati
1685 581 1835 622 scholii

145 665 328 718 scriptor
364 664 488 705 deum
526 661 663 703 ventis
705 658 1010 712 suscensuisse,
1055 656 1249 698 Troianis
1291 654 1528 708 propitium
1571 652 1703 693 fuisse
1746 652 1833 705 opi-

143 741 267 777 natus
301 737 375 776 est.
412 732 661 787 prudentius
695 731 831 772 multo
865 730 972 770 alter
1004 727 1257 769 scholiastes
1292 724 1484 779 epitheta
1511 724 1597 764 alia
1623 723 1837 765 naturalia

144 806 230 848 alia
261 805 313 847 ad
345 807 514 858 tempus
547 817 638 844 esse
670 801 855 843 monuit:
893 801 940 840 ut
973 796 1220 853 ‘placidum’
1253 795 1450 837 naturale
1483 794 1675 848 Neptuni
1715 796 1838 847 esset,

144 877 206 918 ita
245 876 298 917 ad
335 878 503 929 tempus
544 888 635 915 esse
675 872 880 927 ‘graviter
918 867 1187 912 commotus'.
1248 868 1291 908 in
1325 865 1573 908 Cassellano
1612 865 1693 906 hae
1731 865 1838 905 duae

144 947 518 1002 interpretationes
564 944 758 999 quamvis
797 943 910 983 inter
950 956 994 982 se
1034 940 1223 981 diversae
1263 938 1366 991 sint,
1406 936 1550 978 ‘enim'
1583 935 1837 989 interposito

144 1019 207 1059 ita
247 1017 496 1059 coniunctae
536 1018 652 1069 sunt,
691 1014 812 1069 quasi
851 1013 968 1067 prior
1007 1012 1142 1053 altera
1181 1009 1512 1051 confirmaretur.
1546 1033 1599 1036 -—
1633 1006 1653 1047 Ι
1685 1007 1767 1047 281
1804 1006 1838 1046 si

146 1088 392 1130 Cassellano
421 1087 629 1128 credimus
657 1085 835 1140 vulgata
862 1097 969 1138 quae
997 1084 1097 1124 sunt
1121 1081 1219 1135 quia
1248 1115 1255 1122 .
1276 1114 1282 1121 .
1305 1115 1312 1122 .
1338 1079 1538 1121 Romanis
1558 1093 1643 1119 uon
1664 1077 1714 1118 ad
1736 1076 1838 1117 Ver-

146 1160 239 1214 gilii
276 1159 423 1212 verba,
461 1158 533 1199 sed
573 1157 625 1198 ad
663 1171 713 1197 ea
750 1155 967 1209 pertinent
1009 1167 1116 1208 quae
1149 1152 1257 1194 alius
1293 1151 1543 1193 scholiastes
1579 1164 1599 1190 e
1633 1148 1840 1190 Sallustio

147 1230 388 1285 exscripsit,
432 1231 480 1271 ut
523 1230 568 1270 in
611 1228 756 1269 melius
800 1227 981 1267 latinam
1026 1224 1311 1266 elocutionem
1356 1236 1448 1263 esse
1493 1220 1747 1262 ostenderet.
1785 1242 1841 1247 —

145 1301 165 1343 I
197 1301 283 1343 545
315 1302 397 1343 duo
431 1300 594 1342 scholia
627 1313 734 1354 quae
766 1299 878 1339 inter
911 1313 954 1338 se
988 1295 1128 1338 verbis
1162 1294 1361 1336 differunt
1393 1307 1438 1334 re
1472 1290 1762 1343 consentiunt,
1794 1292 1843 1330 ut

147 1374 355 1415 alterutro
392 1372 519 1413 facile
560 1384 799 1424 careamus,
840 1369 884 1410 in
916 1368 1106 1423 pleniore
1140 1367 1250 1407 libro
1284 1366 1345 1407 ita
1377 1364 1604 1406 coniuncta
1637 1364 1752 1411 sunt,
1796 1363 1844 1401 ut

146 1446 376 1498 utrumque
421 1443 666 1496 corruptum
705 1441 772 1482 sit.
806 1465 861 1469 ——
894 1440 914 1481 Ι
947 1438 1031 1481 562
1063 1451 1162 1480 nam
1200 1430 1236 1478 ct
1266 1437 1311 1478 in
1342 1436 1462 1477 Aeoli
1493 1434 1674 1475 oratione
1705 1432 1844 1474 statim

139 1515 349 1569 promittit
390 1513 492 1568 quin
532 1514 631 1567 post
661 1511 870 1565 promittit
906 1509 964 1565 (p.
1001 1510 1099 1563 171,
1136 1506 1208 1562 11)
1246 1508 1390 1561 inepte
1428 1507 1590 1547 inserta
1635 1503 1720 1545 sint
1758 1516 1842 1542 non

148 1588 214 1627 est
257 1585 449 1639 dubium,
494 1584 566 1625 sed
605 1583 719 1625 haud
759 1582 847 1624 scio
887 1596 941 1623 an
980 1580 1133 1621 melius
1171 1578 1301 1620 fuerit
1338 1578 1415 1619 illa
1454 1577 1584 1618 verba
1624 1578 1843 1628 tamquam

152 1657 380 1698 subditicia
417 1655 654 1709 secludere,
693 1668 820 1708 quam
858 1653 958 1706 post
994 1651 1158 1692 auditor
1196 1648 1287 1705 (lin.
1325 1646 1398 1703 15)
1437 1647 1658 1688 collocare.
1720 1644 1844 1685 facile

152 1728 265 1769 enim
308 1742 358 1768 ex
395 1727 459 1785 eis
496 1740 604 1780 quae
645 1725 697 1766 ad
734 1740 771 1765 V.
804 1723 887 1765 257
923 1721 981 1777 (p.
1014 1722 1088 1776 96,
1121 1719 1166 1776 5)
1201 1720 1418 1774 adscripta
1458 1720 1556 1760 sunt
1594 1717 1676 1757 huc
1709 1719 1846 1757 trans-

150 1799 252 1840 ferri
283 1800 494 1852 poterant.
543 1821 590 1826 —
616 1796 682 1837 ‘II
713 1795 769 1837 46
811 1794 983 1836 Servius
1021 1793 1065 1834 id
1101 1807 1233 1833 unum
1277 1791 1367 1845 egit
1404 1792 1452 1831 ut
1490 1789 1620 1830 verba
1659 1802 1683 1828 a
1720 1788 1847 1841 poeta

154 1869 377 1925 aptissime
410 1869 575 1910 delecta
609 1881 699 1909 esse
727 1865 989 1919 ostenderet,
1022 1864 1130 1905 alter
1156 1863 1409 1905 scholiastes
1436 1860 1725 1902 Laocoontem
1753 1857 1846 1898 ideo

151 1957 246 1984 cum
279 1942 526 1995 contemptu
557 1939 607 1980 de
641 1952 747 1992 equo
781 1937 938 1978 dixisse
971 1935 1157 1990 monuit,
1196 1937 1242 1975 ut
1285 1950 1308 1975 a
1339 1933 1512 1974 funesta
1545 1928 1847 1984 superstitione

153 2027 250 2054 suos
297 2013 521 2053 averteret.
582 2024 667 2050 non
711 2009 950 2049 debuerunt
992 2007 1127 2061 igitur
1165 2005 1269 2046 haec
1308 2005 1390 2045 duo
1431 2003 1595 2044 scholia
1633 2001 1676 2041 in
1718 2014 1847 2040 unum

154 2082 368 2125 confundi.
413 2081 518 2122 adde
550 2080 662 2134 quod
694 2079 738 2120 in
769 2078 959 2133 pleniore
991 2078 1102 2118 libro
1129 2076 1315 2130 Vergilii
1348 2074 1476 2117 verba
1509 2071 1761 2114 ‘ducendum
1793 2069 1844 2111 acl

154 2153 275 2195 sedes
315 2150 612 2193 simulacrum'
651 2151 711 2191 ita
751 2150 949 2190 videntur
988 2147 1185 2202 adposita
1224 2161 1333 2200 esse,
1374 2145 1496 2200 quasi
1542 2144 1626 2184 alio
1659 2144 1752 2183 loco
1787 2141 1847 2182 eis

153 2226 246 2279 ipse
272 2224 474 2265 Laocoon
507 2222 556 2263 ad
591 2220 893 2262 infirmandam
919 2220 1063 2262 fictam
1090 2234 1264 2260 suorum
1291 2218 1543 2271 religionem
1571 2229 1671 2255 usus
1700 2213 1766 2253 sit.
1799 2236 1843 2239 -

153 2296 195 2337 II
214 2296 300 2337 344
332 2294 520 2348 vulgatis
554 2307 662 2348 quae
695 2294 795 2332 sunt
822 2305 943 2345 [jener
973 2291 1125 2332 dicitur
1156 2293 1193 2331 ct
1223 2290 1295 2342 qui
1326 2291 1383 2329 est
1413 2290 1449 2328 et
1479 2287 1549 2339 qm
1574 2298 1654 2327 csse
1679 2284 1774 2333 vult,
1806 2286 1852 2323 ut

154 2367 217 2408 hic
254 2367 409 2408 indicat
444 2366 551 2407 locus
589 2363 631 2404 in
667 2361 916 2404 Cassellano
957 2361 1060 2403 haec
1104 2360 1250 2402 addita
1282 2361 1381 2401 sunt
1412 2359 1471 2399 vel
1503 2360 1602 2398 certe
1632 2355 1851 2397 sccmzdnm

155 2451 264 2491 spem
302 2438 439 2487 mim,-
478 2449 602 2490 neque
638 2436 745 2476 onim
783 2434 868 2475 iam
905 2436 994 2475 erat
1018 2446 1150 2486 [jener.
1212 2446 1313 2473 num
1347 2430 1440 2485 quis
1473 2429 1515 2469 in
1549 2427 1682 2482 ipsius
1717 2425 1849 2467 Servii

158 2507 465 2551 commentario
497 2506 576 2548 has
608 2508 698 2547 tam
731 2504 893 2546 similes
925 2504 1036 2545 inter
1070 2518 1113 2544 se
1146 2501 1525 2556 interpretationes
1559 2499 1676 2539 iuxta
1709 2512 1752 2538 se
1778 2511 1851 2550 po-

163 2580 266 2620 sitas
306 2577 438 2618 fuisse
477 2575 635 2629 credet,
675 2577 802 2630 atque
838 2575 898 2616 vel
929 2577 1027 2616 certe
1065 2573 1172 2614 illud
1210 2573 1262 2613 ab
1302 2572 1395 2626 ipso
1435 2569 1716 2626 grammatico
1757 2582 1850 2621 pro-

161 2649 318 2690 fectum
346 2648 468 2690 esse?
525 2646 646 2702 quasi
673 2646 708 2687 is
735 2646 807 2700 qui
833 2659 1035 2700 generum
1063 2658 1106 2684 se
1133 2643 1223 2684 fore
1251 2645 1393 2697 speret
1419 2643 1558 2683 minus
1585 2643 1697 2682 reete
1725 2652 1853 2692 gener

162 2720 327 2761 dicatur
359 2734 485 2773 quam
519 2718 591 2772 qui
623 2732 713 2759 esse
745 2717 862 2759 velit.
886 2715 1022 2757 -ΙΙΙ
1044 2715 1099 2757 85
1132 2728 1259 2769 aegre
1291 2714 1425 2755 fertur
1451 2712 1563 2767 quod
1590 2711 1719 2752 verba
1746 2722 1851 2763 quae

162 2793 261 2832 sunt
297 2791 343 2832 in
379 2804 455 2843 qao
486 2791 571 2832 eius
602 2793 638 2831 et
667 2802 809 2830 nemus
840 2791 898 2829 est
927 2790 964 2828 ct
996 2786 1186 2839 templum
1219 2786 1272 2826 ab
1305 2784 1357 2825 iis
1391 2798 1485 2825 cum
1519 2783 1669 2836 quibus
1704 2780 1852 2821 arctis-

161 2862 265 2903 sime
304 2861 531 2903 cohaerent
567 2862 613 2902 id
648 2863 705 2901 est
743 2873 840 2913 ((9νο
871 2859 1002 2900 vicino
1027 2858 1148 2911 pleno
1182 2856 1365 2910 thymbra
1398 2853 1659 2895 Floriaceusi
1693 2851 1852 2892 addita-

162 2935 305 2974 mento
339 2932 530 2974 seiuncta
563 2934 682 2973 sunt:
716 2930 828 2985 quod
860 2930 1000 2984 ipsum
1034 2945 1057 2970 a
1089 2928 1277 2982 vulgatis
1312 2927 1556 2979 separatum
1589 2924 1648 2964 sic
1681 2922 1747 2963 edi
1780 2936 1852 2975 po-

161 3005 273 3044 terat
308 3007 382 3041 ΤΗ
386 3007 662 3041 YMBRAEE
692 3002 783 3044 bene
815 3001 911 3042 Dela·
935 3001 1095 3053 positus
1123 2999 1423 3052 Thymbraemn
1455 2995 1633 3048 appellat
1663 3006 1779 3045 (luem
1810 2993 1854 3032 (η

168 3073 293 3115 Troia
324 3075 558 3116 adsueverat
589 3074 723 3115 colere.
750 3097 795 3100 —
834 3072 876 3113 in
909 3070 1171 3113 Floriaeensi
1205 3069 1257 3110 ad
1280 3068 1380 3109 Aen.
1402 3065 1463 3108 IV
1486 3066 1540 3108 65
1574 3064 1736 3107 scholio
1769 3063 1854 3104 tria
