2204 3437
408 155 463 195 98
1178 155 1336 189 SERVlI

406 277 457 303 ne
489 263 616 304 breve
644 265 756 304 esset
783 263 818 303 si
845 262 1079 303 triennium
1106 263 1281 317 diceret,
1313 265 1511 316 tempora
1536 262 1683 303 divisit
1708 262 1752 303 in
1779 263 1952 317 species.
2001 264 2102 304 ordo

406 336 550 373 autem
595 335 659 373 est
702 333 999 387 longissimus,
1048 348 1149 374 nam
1198 333 1324 374 aliter
1374 346 1460 372 non
1507 332 1718 386 procedit,
1768 332 2104 388 ‘sublimemque

404 402 516 443 feres
568 403 620 443 ad
671 403 808 444 sidera
858 403 967 444 caeli
1017 404 1339 457 magnanimum
1383 403 1594 453 Aeneam,
1646 403 1775 444 tertia
1826 403 1927 444 dum
1978 404 2103 446 Latio

406 476 659 527 regnantem
700 474 853 515 viderit
903 473 1078 516 aestas’.
1150 487 1240 527 erqo
1282 474 1440 515 videtur
1479 473 1537 514 sie
1579 475 1696 515 tacite
1735 477 1903 515 mortem
1944 475 2105 516 Aeneae

359 552 377 582 5
404 544 663 597 szywzifieasse.
715 543 853 585 ‘daton'
879 549 1013 586 autem
1037 559 1116 599 pro
1141 546 1279 595 donec,
1309 548 1356 585 ut
1379 545 1489 585 dum
1520 545 1743 586 conderet
1772 545 1952 598 urbem,
1981 546 2027 586 id
2049 549 2107 587 cst

404 615 536 656 donee.
584 615 752 667 quidam
783 615 869 657 ideo
902 616 961 657 bis
985 630 1116 658 annos
1148 619 1280 657 ternos
1311 630 1550 658 memorasse
1576 617 1760 666 tradunt,
1791 618 1838 656 ut
1866 618 1944 657 tres
1973 629 2105 657 armos

403 685 533 726 solum
571 685 754 726 Aeneam
796 689 1063 739 reynaturmn
1105 687 1368 740 siynifiearet,
1412 688 1519 739 quod
1559 701 1650 728 eum
1687 687 1839 727 Latino
1883 686 1988 727 alios
2028 690 2106 728 tres

405 770 537 797 annos
567 764 754 819 remeasse
785 758 944 799 dieitur.

524 827 621 870 267.
670 840 729 868 AT
763 840 886 869 PVER
916 840 1136 870 ASCANIVS
1175 828 1407 883 prudenter
1447 828 1609 869 exitum
1640 828 1812 869 Aeneae
1845 829 1887 868 et
1918 827 2106 869 ostendit

339 906 380 936 10
408 900 450 938 et
487 898 624 940 tacuit
661 899 834 940 dicendo
873 900 1010 941 filium
1048 903 1199 954 postea
1235 902 1530 953 regnaturum.
1591 903 1664 940 aut
1700 899 1799 952 quia
1835 899 1969 939 maior
2006 912 2106 940 eura

415 969 559 1010 Veneri
595 971 642 1011 de
678 974 815 1023 nepote
844 974 890 1011 ut
926 972 970 1012 in
1002 971 1057 1012 X.
1090 972 1236 1012 liceat
1271 984 1520 1023 superesse
1555 973 1771 1023 nepotem
1808 972 1845 1010 et
1873 969 2020 1010 iterum
2050 969 2107 1010 ibi

405 1039 530 1081 hune
575 1044 739 1096 teyqere.
873 1052 949 1082 cvl
994 1052 1116 1083 NVNC
1163 1052 1419 1083 0001101101γ
1459 1052 1568 1082 IVLO
1614 1052 1823 1082 ADDITVR
1873 1039 2106 1081 secundum

408 1109 615 1152 Catonem
646 1111 854 1153 historiae
887 1112 968 1153 1100
999 1113 1132 1153 habet
1163 1113 1285 1153 fides:
1324 1112 1513 1153 Aeneam
1553 1126 1650 1152 cum
1686 1114 1809 1165 patre
1848 1110 1900 1151 ad
1931 1109 2106 1151 Italiam

406 1182 573 1222 venisse
595 1186 637 1224 et
650 1186 828 1237 propter
847 1183 1017 1224 invasos
1040 1197 1167 1237 agros
1189 1186 1339 1224 contra
1358 1182 1561 1224 Latinum
1581 1182 1857 1236 Turnumque
1877 1194 2106 1235 pugnasse,

340 1260 379 1290 15
407 1252 453 1293 in
485 1267 567 1306 quo
599 1254 763 1307 proelio
795 1254 926 1308 periit
956 1253 1148 1295 Latinus.
1212 1253 1405 1294 Turnum
1442 1256 1593 1307 postea
1631 1253 1683 1294 ad
1715 1252 1975 1294 Mezentium
2008 1265 2104 1293 con-

405 1322 568 1377 fugisse
601 1324 775 1379 eiusque
807 1324 966 1365 fretum
999 1324 1159 1366 auxilio
1192 1325 1306 1366 bella
1336 1339 1585 1377 renovasse,
1618 1324 1772 1378 quibus
1802 1323 1968 1364 Aeneas
2001 1321 2104 1363 Tur-

404 1408 570 1448 nusque
601 1395 764 1448 pariter
796 1395 911 1449 rapti
944 1398 1053 1436 sunt.
1103 1395 1310 1450 migrasse
1342 1397 1495 1449 postea
1526 1395 1571 1435 in
1597 1394 1833 1435 Ascanium
1866 1396 1909 1435 et
1940 1392 2106 1434 Mezen-

405 1465 515 1506 tium
554 1465 686 1519 bella,
725 1465 797 1506 sed
837 1480 907 1506 eos
947 1465 1156 1520 singulari
1195 1465 1427 1507 certamine
1466 1465 1703 1506 dimicasse.
1767 1467 1810 1506 et
1847 1464 1986 1506 occiso
2019 1463 2108 1505 Me-

405 1536 543 1577 zentio
582 1536 818 1577 Ascanium
855 1537 961 1578 siem}
995 1536 1033 1578 I.
1071 1536 1223 1578 Caesar
1259 1537 1398 1578 scm'bz't
1432 1535 1574 1577 Iulum
1614 1538 1813 1590 coeptum
1851 1535 2011 1589 vocari,
2047 1535 2107 1576 vel

336 1614 379 1644 20
405 1608 524 1659 quasi
556 1604 755 1660 ἰοβόλον,
786 1608 832 1649 id
861 1611 917 1649 est
940 1609 1165 1661 sagittandi
1187 1608 1387 1662 peritum,
1412 1607 1472 1648 vel
1497 1622 1522 1648 a
1545 1607 1686 1661 prima
1711 1606 1873 1648 barbae
1900 1606 2106 1660 lanugine

405 1692 529 1730 quam
561 1681 714 1719 ἴουλον
749 1678 898 1720 Graeci
929 1679 1085 1733 dic-unt,
1126 1693 1232 1733 quae
1276 1678 1315 1719 ei
1355 1681 1549 1733 tempore
1591 1678 1798 1719 victoriae
1837 1677 2106 1719 nascebatur.

406 1749 625 1790 sciendum
659 1753 724 1790 est
757 1753 900 1791 autem
941 1750 1053 1791 hunc
1090 1750 1229 1803 primo
1261 1750 1498 1791 Ascanium
1531 1749 1693 1790 dictum
1731 1764 1756 1790 a
1787 1748 2000 1802 Phrygiae
2032 1747 2106 1787 flu—

406 1820 520 1861 mine
563 1821 770 1875 Ascanio,
812 1824 860 1861 ut
901 1823 966 1862 est
1011 1824 1258 1875 transque
1308 1823 1573 1862 sonantem
1615 1819 1910 1873 Ascanium3
1956 1817 2105 1859 deinde

403 1890 516 1932 Ilum
548 1892 709 1932 dictum
752 1907 775 1932 a
812 1906 912 1946 rege
951 1891 1035 1945 Ilo,
1072 1891 1182 1932 unde
1216 1895 1259 1933 et
1289 1891 1436 1945 ilium,
1473 1894 1626 1945 postea
1657 1891 1800 1932 Iulum
1839 1889 1978 1931 occiso
2016 1887 2104 1928 Me-

333 1970 374 1999 25
403 1962 560 2002 zentio:
601 1962 650 2002 de
691 1962 845 2015 quibus
885 1962 1129 2003 nominibus
1163 1961 1243 2003 hoc
1281 1962 1375 2003 loco
1409 1963 1513 2003 dicit
1553 1962 1618 2004 ‘at
1655 1977 1760 2016 puer
1792 1960 2005 2002 Ascanius
2038 1959 2105 2000 cui

403 2047 516 2073 nunc
548 2046 784 2087 cognomen
815 2032 906 2073 Iulo
940 2032 1129 2086 additur,
1161 2031 1250 2073 llus
1283 2032 1408 2073 erat'.
1453 2033 1505 2074 ab
1539 2033 1619 2074 hac
1652 2036 1796 2074 autem
1828 2031 2011 2072 historia
2042 2030 2105 2071 ita

404 2103 586 2144 discedit
618 2103 857 2158 Vergilius,
889 2106 937 2144 ut
970 2102 1186 2157 aliquibus
1213 2103 1319 2144 locis
1354 2104 1571 2157 ostendat,
1602 2118 1687 2145 non
1720 2118 1764 2144 se
1796 2118 1871 2156 per
1903 2102 2103 2156 ignoran-

403 2175 529 2227 tiam,
561 2174 633 2214 sed
664 2189 740 2228 pei·
773 2177 910 2215 artem
942 2174 1156 2227 poeticam
1188 2173 1269 2214 hoc
1295 2173 1463 2227 fecisse,
1495 2176 1542 2214 ut
1573 2174 1649 2215 illo
1682 2174 1776 2215 1000
1810 2188 1905 2228 quo
1938 2172 2102 2227 magis

403 2244 563 2285 Italia
595 2259 785 2285 mecum
817 2245 1012 2285 laetere
1044 2247 1271 2298 reperta:
1305 2258 1400 2285 ecce
1427 2240 1728 2298 ἆμφιβολικῶς
1760 2244 1882 2298 dixit,
1915 2243 2103 2285 ostendit

335 2324 378 2354 30
404 2317 549 2356 tamen
590 2315 810 2357 Anchisen
851 2316 902 2356 ad
944 2315 1118 2356 ltaliam
1158 2314 1415 2368 pervenisse.
1484 2314 1544 2355 sic
1585 2318 1729 2356 autem
1771 2315 1915 2356 omnia
1955 2317 2104 2356 contra

500 2448 519 2477 5
547 2444 649 2489 dum]
677 2445 718 2477 A.
747 2444 762 2477 Ι
789 2447 808 2477 5
840 2444 851 2487 Η
884 2448 923 2477 11
956 2443 1083 2488 liceat]
1112 2445 1153 2476 A.
1182 2443 1214 2475 X
1240 2446 1282 2476 47
1315 2443 1326 2486 Η
1360 2446 1401 2475 12
1429 2442 1629 2476 secundum
1655 2442 1848 2487 Catonem]
1878 2441 1968 2487 orig.
1995 2442 2059 2477 rel.
2086 2442 2102 2475 Ι

409 2496 450 2524 10
478 2491 572 2524 iord.
600 2492 615 2524 l
642 2495 661 2524 9
688 2491 766 2525 Pet.
798 2492 810 2534 Η
843 2495 885 2524 23
912 2491 1103 2535 transque]
1131 2502 1256 2534 georg.
1284 2490 1335 2523 lll
1361 2493 1428 2523 269
1460 2490 1471 2533 Η
1504 2493 1546 2524 28
1573 2501 1645 2533 quo
1671 2489 1807 2535 magis]
1835 2493 1878 2525 A.
1905 2490 1955 2524 VI
1982 2493 2048 2524 718

502 2614 519 2642 7
547 2620 681 2643 aeneae
717 2609 753 2642 P
778 2610 790 2653 Η
818 2613 838 2642 9
874 2609 922 2642 ad
956 2620 986 2641 r.
1015 2612 1080 2641 267
1118 2607 1185 2641 Cui
1220 2619 1315 2641 nunc
1351 2618 1555 2651 cognomen
1590 2607 1669 2641 Iulo
1705 2607 1867 2652 additur]
1904 2608 2100 2651 postquam

406 2657 529 2689 autem
556 2656 734 2699 singulari
760 2655 961 2690 certamine
987 2655 1164 2688 Ascanius
1191 2654 1411 2688 Mezentium
1439 2654 1591 2697 occidit,
1619 2654 1714 2688 sicut
1738 2654 1777 2688 L.
1803 2654 1936 2689 Caesar
1962 2654 2100 2698 scribit,

411 2703 527 2736 lulum
554 2705 724 2747 coeptum
750 2703 875 2737 uocari
901 2703 1028 2736 dicunt
1058 2702 1119 2735 1101
1151 2701 1257 2744 quasi
1291 2702 1443 2736 iuuolon
1474 2701 1512 2735 id
1544 2704 1600 2735 est
1625 2701 1829 2746 sagittandi
1854 2701 2014 2745 peritum
2039 2702 2101 2735 uel

406 2785 428 2807 a
452 2773 573 2818 prima
597 2774 733 2808 barbae
759 2773 932 2817 lanugine
958 2784 1069 2816 quam
1097 2773 1221 2805 ἴουλον
1249 2763 1383 2817 (¹⁰x0x)
1410 2771 1543 2806 Graeci
1567 2773 1718 2815 uocant,
1755 2782 1848 2816 quae
1875 2772 1908 2806 ei
1933 2773 2100 2816 tempore

406 2820 584 2855 uictoriae
610 2821 840 2855 nascebatur.
891 2831 1095 2864 cognomen
1121 2821 1244 2853 autem
1270 2820 1348 2853 Iulo
1376 2847 1383 2854 .
1407 2847 1413 2853 .
1436 2847 1442 2853 .
1471 2819 1626 2863 diceret,
1659 2819 1721 2854 sed
1747 2819 1866 2863 magis
1892 2847 1898 2853 .
1922 2846 1929 2852 .
1952 2847 1959 2853 .
1986 2818 2098 2853 ducit.

407 2868 442 2901 Ι.)
467 2870 478 2912 Η
511 2873 552 2902 12
579 2881 735 2902 mnn'rvn
761 2867 849 2902 licet
875 2867 1040 2911 superius
1066 2866 1222 2900 historia
1249 2866 1296 2900 sit
1328 2869 1477 2900 narrata
1507 2869 1633 2901 tamen
1665 2866 1777 2900 etiam
1805 2866 2005 2900 secundum
2032 2865 2098 2900 Ca-

406 2920 531 2949 tonem
560 2915 589 2948 (J
611 2916 622 2959 Η
651 2920 692 2949 13
717 2918 884 2949 tatonem
910 2915 949 2948 J(
967 2915 978 2958 Η
1004 2925 1086 2947 cum
1112 2913 1232 2957 patre]
1260 2915 1404 2957 patrem
1430 2914 1465 2946 B
1485 2915 1496 2958 Η
1524 2918 1566 2947 14
1592 2913 1803 2958 peruenisse
1831 2914 1879 2947 M
1895 2914 1907 2957 Η
1935 2917 1976 2946 15
2002 2912 2100 2957 perit

406 2963 484 2995 Jx'L
496 2963 542 2995 M
561 2963 572 3006 Η
592 2968 634 2995 20
663 2959 809 3006 ἰοβόλον
840 2962 882 2996 κ’.
910 2962 1123 2995 »δὀΙιοθΗίιιεε
1150 2960 1298 2994 iuuolon
1321 2960 1356 2993 P
1380 2961 1499 2995 Iulom
1527 2960 1582 3004 ΟΗ
1602 2964 1643 2994 21
1673 2961 1797 2994 ι’ὐολον
1825 2960 1882 3004 (ΙΗ
1902 2964 1945 2994 22
1972 2961 2097 2994 autem

402 3012 457 3043 ost
482 3010 568 3042 ΗΜ
603 3011 614 3053 Η
646 3014 688 3043 23
717 3011 773 3044 est
797 3020 862 3043 om.
891 3009 974 3042 LII
1004 3009 1135 3051 (suppl.
1163 3009 1187 3050 l)
1220 3009 1322 3040 utem
1347 3008 1388 3041 K
1416 3010 1610 3051 utramque
1637 3009 1723 3051 (pro
1755 3009 1797 3040 ut
1828 3011 1884 3041 est
1908 3008 2097 3050 transque)

398 3056 432 3088 B
452 3058 463 3099 Η
483 3060 527 3089 ‘24
554 3057 661 3101 llum]
690 3057 795 3090 illum
817 3057 857 3090 J(
880 3057 985 3090 ilium
1007 3056 1053 3089 M
1077 3056 1089 3099 Η
1115 3054 1248 3098 Iulum]
1277 3054 1351 3089 iulo
1381 3056 1412 3087 I›’
1441 3055 1596 3089 aiulium
1622 3055 1661 3087 Κ
1686 3053 1814 3087 iulium
1843 3054 1876 3087 L
1903 3056 2006 3098 (corr.
2034 3054 2059 3097 l)
2085 3055 2097 3099 Η

397 3107 437 3136 ’.Π
467 3114 503 3137 se
530 3114 602 3137 non
631 3104 664 3136 L
697 3105 709 3147 Η
739 3108 782 3137 29
810 3103 1082 3148 amphibolicos
1108 3103 1196 3138 libri
