2204 3437
363 166 477 200 XLVI
987 143 993 147 ’
1059 158 1341 195 ΡΗΑΕΡΑΤΙΟ.

365 288 531 328 quoque
563 273 690 314 rebus
723 272 1018 323 confirmatur,
1051 269 1183 310 veluti
1217 265 1386 320 aequali
1420 262 1629 305 sermonis
1657 264 1821 316 tenore,
1854 263 2053 304 consilio—

364 360 456 386 rum
490 344 739 396 stabilitate,
773 341 1083 395 expositionum
1119 339 1169 379 ad
1197 335 1522 393 grammaticam
1549 335 1702 387 artem,
1735 333 1789 374 ad
1813 333 2056 388 historiam,

365 416 415 456 ad
457 414 778 469 philosophiam
816 411 1122 466 pertinentium
1161 406 1462 462 amplitudine,
1504 419 1611 459 quae
1654 404 1689 445 si
1730 419 1816 445 non
1855 404 2053 445 omnibus

365 490 409 527 at
443 486 586 526 multis
620 488 732 526 certe
759 483 863 524 locis
896 484 1017 523 tanta
1056 483 1137 533 est,
1177 482 1225 519 ut
1258 477 1466 532 ampliora
1504 476 1634 517 etiam
1673 474 1839 516 scholia
1876 475 1921 515 in
1960 475 2054 515 bre-

368 557 460 597 vius
494 557 714 596 contracta
747 567 837 594 esse
870 566 920 592 ne
954 550 1138 605 cogitari
1177 548 1348 603 quidem
1386 546 1537 601 possit.
1594 545 1756 587 accedit
1793 545 1906 599 quod
1943 546 2056 586 inter

366 627 628 680 antiquiores
661 623 863 665 brevioris
898 619 1194 663 commentarii
1235 615 1462 673 codices1),
1500 616 1695 671 quamvis
1732 616 1911 658 diversis
1949 615 2055 657 locis

367 698 565 750 scriptos,
615 698 760 736 tantus
798 693 1014 734 invenitur
1053 705 1304 743 consensus,
1350 691 1535 743 quantus
1580 687 1649 728 vix
1687 690 1833 742 posset
1871 701 1981 741 esse,
2019 687 2055 728 si

367 767 616 808 Servianum
656 780 761 819 opus
795 779 863 805 eas
902 778 1007 817 quas
1048 761 1162 803 docti
1201 760 1371 815 quidam
1411 759 1607 801 homines
1646 758 1877 812 opinantur
1917 760 2056 798 muta-

366 839 502 879 tiones
536 835 775 890 subisset.2)
826 835 930 876 illud
972 837 1114 874 tamen
1146 846 1232 873 non
1263 845 1397 886 nego,
1436 829 1547 884 quod
1579 829 1625 870 in
1661 829 1774 870 libro
1814 829 1867 869 ad
1906 828 2055 870 docen-

364 910 472 950 tium
505 908 841 960 diseentiumque
875 905 1014 946 studia
1040 919 1115 957 per
1135 903 1313 957 longum
1333 905 1504 956 tempus
1526 900 1719 942 adhibito
1742 902 1870 954 atque
1895 899 2056 941 totiens

366 980 577 1033 descripto
611 978 813 1019 facillime
852 976 942 1017 fieri
980 975 1172 1028 potuisse
1210 988 1336 1015 nemo
1368 972 1563 1026 negabit,
1604 974 1651 1012 ut
1691 973 1765 1012 aut
1802 970 2057 1011 adderentur

367 1050 573 1104 quaedam
606 1051 679 1089 aut
711 1048 1009 1089 omitterentur
1042 1047 1115 1085 aut
1146 1040 1614 1097 transformarentur.³)
1666 1056 1797 1096 quare
1822 1055 1959 1095 neque
1994 1055 2056 1082 se-

366 1119 561 1161 cludendi
593 1134 728 1173 neque
762 1116 986 1172 supplendi
1012 1115 1212 1157 remediis
1246 1114 1296 1156 ad
1335 1113 1643 1155 emendandum
1677 1112 1814 1154 Servii
1846 1126 2057 1154 commen-

368 1191 523 1231 tarium
556 1205 697 1231 carere
729 1189 906 1244 poteris,
945 1189 1073 1241 atque
1106 1186 1156 1227 de
1195 1185 1464 1241 singulorum
1497 1184 1725 1226 verborum
1757 1183 1826 1225 vel
1864 1182 2055 1224 enuntia—

363 1264 504 1302 torum
531 1262 661 1302 etiam
694 1260 898 1302 memoria
939 1259 1121 1299 maiores
1162 1260 1262 1298 sunt
1293 1256 1477 1298 fortasse
1515 1256 1627 1296 inter
1667 1254 1894 1296 Servianos
1929 1268 2056 1308 quam

362 1331 472 1372 inter
505 1331 686 1373 aliorum
721 1333 977 1384 scriptorum
1010 1328 1175 1370 codices
1203 1327 1525 1381 discrepantiae.
1575 1341 1628 1367 ne
1655 1326 1762 1367 iliud
1791 1325 1962 1380 quidem
1995 1324 2058 1365 in-

364 1402 488 1455 fitior,
521 1401 972 1444 librarioruminertia
1002 1414 1130 1454 posse
1169 1400 1367 1440 effectum
1406 1413 1516 1452 esse,
1553 1399 1600 1438 ut
1631 1412 1765 1438 unum
1798 1399 1841 1438 et
1873 1396 2057 1436 alterum

362 1473 573 1514 scholium
607 1476 745 1514 totum
780 1472 1065 1513 intercideret.
1116 1470 1188 1510 sed
1227 1472 1326 1511 sunt
1357 1469 1549 1524 profecto
1589 1483 1662 1509 eae
1701 1466 2057 1521 interpolationes

363 1547 404 1583 ct
441 1544 615 1584 lacunae
656 1547 697 1585 et
736 1543 974 1596 scripturae
1015 1540 1286 1581 diversitates
1331 1539 1506 1581 levioris
1550 1539 1802 1594 plerumque
1839 1536 2058 1591 momenti,

364 1629 490 1667 quam
529 1617 575 1655 ut
613 1615 844 1669 genuinum
889 1610 1186 1653 commentarii
1224 1610 1420 1651 habitum
1461 1610 1520 1652 eis
1560 1624 1820 1664 magnopere
1859 1609 2058 1649 immuta-

363 1688 453 1725 tum
481 1699 571 1725 esse
598 1682 768 1738 dicas.4)
817 1697 953 1737 neque
987 1681 1099 1736 quod
1134 1695 1261 1734 supra
1292 1679 1348 1734 (p.
1376 1679 1560 1737 XXXII)
1595 1681 1698 1736 dixi,
1731 1679 1912 1722 inveniri
1946 1678 2058 1719 inter

489 1891 521 1933 1)
548 1889 690 1934 excipio
718 1891 937 1925 Bernen‘sem
965 1892 1051 1930 363,
1084 1885 1220 1931 quippe
1254 1885 1317 1930 qui
1350 1886 1656 1921 commentarium
1681 1885 1808 1920 multis
1832 1884 1923 1919 locis
1949 1884 2058 1918 valde

367 1944 597 1977 decurtatum
626 1943 806 1978 exhibeat.
906 1943 941 1986 ⁶2)
968 1941 1066 1985 quod
1092 1939 1129 1973 in
1157 1938 1487 1984 praestantissimis
1515 1939 1626 1974 etiam
1654 1942 1863 1974 nostrorum
1891 1937 2059 1972 codicum

365 2009 436 2031 11011
461 1998 564 2030 nulla
592 1997 729 2031 omissa
755 1999 855 2039 sunt,
882 1994 1102 2030 Thomasius
1142 1996 1190 2037 (p.
1220 1994 1300 2036 170)
1334 2004 1417 2026 cum
1444 2004 1525 2027 eam
1551 2005 1627 2028 rem
1660 2004 1734 2028 non
1764 1994 1843 2026 tam
1875 1992 1920 2025 ab
1947 1990 2058 2025 libra-

367 2049 502 2083 riorum
530 2050 766 2093 neglegentia
791 2060 900 2094 quam
935 2047 980 2081 ab
1008 2044 1290 2090 exemplarium,
1319 2044 1452 2088 quibus
1478 2045 1518 2078 111
1550 2045 1623 2090 ipsi
1653 2045 1712 2080 usi
1744 2045 1883 2087 essent,
1917 2042 2059 2077 lacunis

365 2103 605 2147 repetendam
633 2114 711 2137 esse
743 2104 905 2147 putaret,
945 2100 1029 2134 inde
1056 2099 1093 2132 in
1120 2096 1390 2141 antiquioribus
1424 2097 1536 2136 etiam
1567 2098 1672 2133 libris
1705 2109 1779 2133 non
1805 2096 1910 2130 nulla
1941 2095 2061 2130 inter-

366 2155 498 2189 cidisse
534 2155 740 2199 suspicatus
780 2158 843 2189 est.
896 2155 935 2188 at
967 2164 1048 2186 eum
1084 2150 1192 2185 multi
1225 2149 1412 2194 supersint
1439 2150 1557 2185 Servii
1590 2151 1737 2186 codices
1769 2149 1877 2193 eique
1904 2146 2060 2182 diversis

366 2208 456 2243 locis
483 2208 627 2252 scripti,
662 2212 703 2242 ut
735 2219 778 2241 ex
805 2205 958 2241 diversis
991 2203 1262 2248 exemplaribus
1289 2202 1447 2238 derivati
1479 2215 1558 2238 esse
1591 2203 1805 2246 videantur,
1838 2200 1868 2236 si
1899 2199 1988 2244 quid
2021 2200 2059 2234 in

365 2262 480 2295 altero
507 2261 627 2303 deest,
656 2272 697 2294 ex
725 2261 840 2294 altero
867 2259 903 2293 id
925 2257 1086 2303 suppleri
1107 2258 1246 2301 potest,
1276 2256 1391 2291 veluti
1412 2256 1615 2301 Lipsiensis
1637 2259 1820 2292 corrector
1840 2255 1939 2300 quod
1957 2253 2059 2300 prior

365 2324 491 2346 manus
518 2312 694 2347 omiserat
719 2325 761 2347 ex
787 2312 880 2346 libro
907 2309 1137 2346 Monacensis
1169 2308 1283 2343 simili
1309 2308 1464 2344 addidit.
1539 2312 1572 2353 3)
1601 2311 1644 2345 cf.
1673 2321 1783 2355 supra
1808 2321 1843 2354 p.
1866 2309 1899 2343 V
1915 2319 1967 2351 sq.
1995 2307 2059 2342 sed

366 2366 567 2400 cavendum
608 2369 663 2399 est
695 2377 739 2399 ne
772 2365 882 2399 latius
916 2367 1042 2409 patere
1074 2363 1269 2397 videantur
1302 2361 1395 2396 haec
1428 2363 1676 2408 corruptionis
1709 2373 1855 2408 genera.
1906 2362 2059 2405 propter

366 2418 605 2453 'l'homasium
632 2419 701 2453 1100
729 2430 877 2460 moneo,
905 2417 967 2461 qui
992 2417 1092 2451 haud
1118 2426 1238 2461 pauca
1264 2414 1422 2456 scholia,
1459 2414 1497 2449 in
1524 2415 1656 2459 quibus
1682 2427 1801 2460 neque
1829 2414 2061 2449 desideratur

365 2471 565 2515 quidquam
593 2482 711 2513 neque
739 2471 937 2513 redundat,
964 2472 1027 2504 aut
1049 2462 1194 2503 omissis
1222 2468 1438 2511 necessariis
1459 2472 1523 2504 aut
1543 2469 1674 2504 alienis
1695 2467 1860 2503 inmixtis
1888 2470 2060 2511 corrupta

366 2535 445 2558 esse
472 2523 542 2557 sibi
570 2522 763 2567 persuasit.
804 2521 886 2555 vide
914 2534 947 2565 p.
977 2526 1041 2555 171
1070 2533 1147 2565 sqq.
1175 2521 1291 2556 veluti
1318 2521 1500 2557 scholium
1528 2522 1574 2556 ad
1600 2524 1689 2557 Aen.
1707 2522 1722 2555 1
1742 2526 1809 2556 359
1831 2520 2059 2565 adscriptum

369 2576 554 2620 integrum
583 2587 661 2609 esse
689 2575 850 2619 negavit,
871 2574 968 2617 quod
998 2574 1247 2609 ‘thensauros'
1283 2574 1504 2620 scripturam
1537 2586 1559 2609 a
1591 2573 1719 2609 Servio
1751 2572 1956 2618 vituperari
1986 2584 2060 2607 non

367 2629 470 2663 vidit.
515 2629 552 2661 111
579 2628 720 2663 scholio
748 2628 794 2661 ad
812 2629 908 2661 Aen.
938 2627 969 2659 11
998 2631 1062 2660 733
1090 2627 1202 2661 verba
1221 2631 1371 2671 propter
1391 2632 1589 2673 sequentem
1608 2629 1650 2663 de
1671 2627 1938 2672 Corybantibus
1964 2636 2059 2660 oeco-

369 2683 523 2716 nomiam
548 2692 622 2715 non
649 2680 834 2715 intellexit
860 2679 917 2713 his
944 2689 1036 2723 quae
1072 2679 1118 2713 ad
1145 2678 1399 2724 insequentem
1435 2692 1580 2716 versum
1599 2681 1792 2715 adnotata
1825 2681 1912 2714 sunt
1945 2678 2060 2724 expli-

367 2735 439 2768 eari
470 2746 539 2769 ozon
568 2746 645 2769 eum
672 2735 829 2768 ulilitate
856 2745 929 2766 mea
955 2734 1080 2774 furens
1106 2734 1233 2775 rur-ori,
1260 2746 1350 2777 quae
1375 2735 1415 2768 in
1441 2746 1628 2768 numerum
1654 2734 1907 2768 ministrarum
1932 2732 2061 2767 matris

367 2789 469 2822 deum
496 2788 609 2822 relata
635 2791 693 2822 est.
740 2787 786 2820 ad
819 2788 906 2819 Aen.
935 2785 983 2819 VI
1012 2788 1077 2819 fiis
1106 2787 1190 2819 ante
1218 2787 1291 2820 illis
1316 2786 1410 2820 nihil
1437 2786 1646 2829 intercidit3
1682 2785 1773 2820 ‘isti’
1804 2785 1902 2819 enim
1935 2783 2060 2819 dicun-

368 2843 426 2874 tur
453 2840 526 2874 llus
559 2842 759 2875 Assaracus
792 2838 999 2880 Dardanus,
1036 2836 1121 2871 ‘illi'
1151 2837 1298 2882 Tydeus
1331 2842 1368 2874 et
1399 2839 1534 2884 reliqui
1567 2850 1659 2883 quos
1686 2840 1797 2884 poeta
1823 2850 1853 2873 v.
1882 2841 1948 2872 479
1981 2849 2059 2881 sqq.

369 2892 679 2928 commemoravit.
726 2892 772 2926 acl
798 2893 888 2926 Aen.
916 2890 964 2924 IV
993 2894 1058 2924 179
1088 2890 1307 2925 Veronensis
1328 2892 1510 2937 interpres
1532 2891 1651 2927 Servii
1677 2889 1858 2925 scholium
1885 2889 2059 2933 corrupit,

368 2958 439 2980 non
468 2946 614 2981 Servius
642 2945 823 2980 scholium
850 2945 1071 2978 Veronense.
1116 2944 1160 2977 ad
1188 2944 1275 2980 Aen.
1306 2945 1318 2977 I
1346 2949 1412 2979 ⁴282
1441 2945 1553 2979 verba
1578 2945 1672 2989 quod
1697 2944 1802 2988 vulyo
1829 2942 1979 2985 maforte
2004 2942 2058 2976 di-

369 3003 453 3033 cunt
480 3011 552 3033 non
579 2998 715 3032 debent
746 2998 900 3043 propter
932 2995 1077 3030 relativi
1109 2996 1336 3040 pronominis
1369 2996 1603 3032 iterationem
1637 2998 1676 3031 ut
1708 2995 1831 3030 aliena
1863 2993 1970 3029 abici.
2013 2994 2059 3028 ad

372 3053 457 3085 Aen.
485 3051 566 3084 Vlll
600 3055 661 3085 1⁶27
690 3062 761 3085 11011
788 3049 896 3084 video
924 3061 986 3083 eur
1012 3049 1124 3083 verba
1149 3054 1324 3092 quantam
1361 3051 1408 3085 ad
1434 3051 1584 3084 Aenean
1605 3050 1761 3094 pertinet
1791 3047 1924 3082 Graeci
1948 3057 2060 3090 ‘neque

369 3105 453 3137 boui
480 3115 588 3147 neque
615 3105 770 3137 meliores
795 3107 878 3137 sunt
905 3102 1148 3136 secludantur.
1282 3104 1315 3145 4)
1345 3102 1458 3136 veluti
1484 3101 1702 3136 'l'homasius
1728 3113 1801 3136 non
1828 3099 1939 3135 nullis
1966 3099 2058 3134 locis
