2204 3437
818 178 1104 215 PRAEFATIO.
1653 177 1805 211 XXXIX

113 293 377 348 persuasisse
411 291 573 333 videbit
601 290 712 345 quod
744 287 928 342 Vergilii
962 288 1291 339 commentator,
1324 287 1371 325 ut
1403 284 1658 338 ‘crepidine’
1693 285 1804 326 abla-

114 365 249 406 tivum
292 378 367 417 pro
407 362 551 404 dativo
589 362 761 416 poetam
803 358 995 413 posuisse
1038 356 1263 411 probaret,
1303 355 1487 396 similem
1526 370 1693 395 versum
1734 356 1805 410 qui

116 438 180 476 est
224 434 330 475 Aen.
369 434 407 475 X
449 434 530 474 361
578 432 747 473 ‘haeret
786 429 892 485 pede
936 427 1032 483 pes'
1079 427 1487 468 commemoraverit.
1538 441 1622 466 non
1669 426 1806 467 minus

114 506 292 547 ridicule
324 505 512 546 Isidorus
541 519 598 545 or.
619 501 724 543 XIII
754 502 824 555 19,
858 501 882 542 8
917 498 1089 540 Lucrini
1121 499 1237 539 lacus
1271 512 1427 538 nomen
1459 512 1483 538 a
1513 497 1621 538 lucri
1649 497 1807 552 magni-

114 576 260 618 tudine
292 575 566 630 repetendum
601 588 692 614 esse
724 572 830 613 dixit
869 571 980 625 quod
1020 570 1123 610 olim
1155 571 1332 623 propter
1370 569 1588 623 ingentem
1626 568 1806 622 piscium

116 648 281 702 copiam
325 645 601 701 vectigalium
647 645 863 684 exactores
908 641 1006 683 inde
1046 640 1268 682 fecissent:
1314 654 1396 694 quo
1442 639 1536 681 loeo
1579 638 1717 680 Servii
1756 638 1807 679 ad

115 731 260 774 georg.
291 717 333 758 II
370 718 449 758 161
492 714 767 757 adnotatione
807 715 953 767 aperte
997 712 1152 753 abusus
1202 713 1278 752 est.
1347 710 1507 751 similia
1543 710 1648 750 haee
1693 711 1806 750 sunt:

116 804 173 830 or.
204 787 287 829 XII
320 789 363 841 6,
396 788 452 829 32
485 789 527 828 et
558 798 701 840 georg.
734 783 795 825 IV
828 784 932 837 234,
965 798 1023 824 or.
1057 781 1140 823 XII
1175 782 1216 835 7,
1249 781 1276 822 4
1310 783 1351 821 et
1384 780 1488 821 Aen.
1517 780 1577 821 VI
1614 781 1713 834 198,
1747 795 1805 821 or.

115 859 239 901 XVII
279 860 323 912 6,
364 859 414 899 11
456 861 497 898 et
535 858 638 898 Aen.
676 855 715 896 X
748 855 821 908 58,
865 869 924 895 or.
963 852 1110 894 XVIII
1148 853 1224 893 24-
1249 855 1292 892 et
1337 865 1480 906 georg.
1518 850 1559 891 II
1598 851 1700 904 531,
1747 866 1805 892 or.

114 929 261 971 XVIII
293 930 349 971 23
392 931 433 970 et
473 941 617 983 georg.
649 926 714 968 III
751 926 848 980 105,
889 940 948 966 or.
979 923 1080 965 XIX
1115 925 1158 977 2,
1202 924 1224 964 7
1266 925 1308 963 et
1347 922 1452 963 Aen.
1485 921 1569 963 VII
1609 922 1711 975 631,
1752 936 1810 962 or.

114 999 216 1041 XIX
248 1001 293 1054 4,
330 1001 349 1041 1
386 1002 427 1041 et
459 999 566 1041 Aen.
599 998 617 1039 I
652 998 747 1039 727.

234 1070 545 1125 Quadringenti
578 1071 719 1110 autem
746 1067 809 1108 illi
842 1066 979 1108 Servii
1012 1066 1094 1107 loci
1134 1080 1237 1120 quos
1272 1065 1324 1106 ab
1365 1064 1529 1105 Isidoro
1569 1063 1808 1117 exscriptos

117 1158 208 1184 esse
229 1142 315 1183 dixi
336 1156 431 1182 cum
453 1156 599 1182 omnes
622 1139 829 1181 brevioris
852 1137 1148 1180 commentarii
1169 1136 1274 1190 sint,
1294 1136 1418 1176 huius
1441 1135 1574 1189 ipsius
1597 1134 1812 1188 exemplar

115 1213 286 1268 aliquod
320 1211 568 1266 Hispalensi
595 1212 795 1266 episcopo
830 1210 881 1251 ad
908 1224 1081 1250 manum
1108 1208 1241 1249 fuisse
1275 1207 1557 1261 probabiliter
1591 1205 1811 1247 conicitur.

116 1284 188 1326 sed
221 1284 334 1325 aliud
366 1284 665 1337 argumentum
704 1282 747 1322 in
787 1283 989 1335 promptu
1023 1283 1088 1321 est
1127 1293 1209 1334 quo
1244 1293 1292 1319 ea
1330 1292 1397 1319 res
1433 1278 1492 1318 sic
1526 1276 1811 1329 confirmetur,

116 1359 163 1398 ut
195 1355 332 1397 omnis
364 1354 544 1396 tollatur
578 1352 803 1394 dubitatio.
855 1366 954 1392 nam
988 1351 1091 1392 satis
1131 1351 1267 1391 multa
1300 1348 1464 1390 scholia
1503 1362 1610 1401 quae
1648 1347 1692 1387 in
1726 1346 1809 1387 Da—

115 1427 239 1469 nielis
272 1426 395 1467 libris
422 1424 617 1480 pleniora
649 1426 748 1465 sunt
785 1437 912 1478 quam
952 1422 995 1462 in
1035 1421 1222 1476 vulgatis
1256 1421 1318 1462 ita
1351 1421 1403 1461 ab
1442 1418 1609 1460 Isidoro
1648 1418 1691 1458 in
1730 1417 1811 1458 ori—

116 1499 264 1554 ginum
305 1497 438 1537 libros
475 1495 704 1549 adsumpta
747 1508 840 1535 esse
881 1493 1091 1546 videmus,
1138 1494 1186 1533 ut
1216 1492 1323 1532 nihil
1366 1492 1585 1544 receptum
1629 1489 1686 1529 sit
1730 1488 1813 1528 nisi

117 1569 229 1624 quod
268 1567 395 1608 hodie
441 1580 608 1621 quoque
653 1566 697 1606 in
741 1564 930 1619 vulgatis
977 1562 1099 1604 libris
1143 1565 1277 1616 extet,
1319 1576 1574 1617 quamquam
1617 1575 1666 1601 ea
1707 1574 1813 1613 quae

116 1639 322 1695 plenioris
356 1637 654 1679 commentarii
695 1638 843 1677 auctor
875 1635 941 1676 vel
980 1634 1208 1675 inseruerit
1247 1634 1312 1674 vel
1352 1633 1562 1674 addiderit
1600 1632 1663 1673 ita
1702 1645 1814 1672 com-

117 1713 270 1766 parata
303 1709 406 1763 sint,
437 1711 485 1749 ut
522 1708 712 1750 Isidorus
754 1707 789 1748 si
826 1706 992 1760 plenius
1032 1705 1249 1759 exemplar
1287 1705 1508 1745 habuisset
1548 1718 1596 1744 ea
1633 1717 1717 1744 non
1756 1702 1813 1743 vi-

118 1782 269 1823 deatur
302 1780 537 1821 omissurus
570 1779 713 1820 fuisse.
765 1777 1038 1820 conferantur
1069 1776 1182 1817 inter
1215 1791 1258 1817 se
1290 1776 1395 1817 haec
1422 1774 1575 1816 Isidori
1609 1776 1651 1814 et
1679 1772 1815 1813 Servii

119 1853 266 1894 verba:
301 1866 360 1892 or.
400 1850 462 1892 VI
495 1851 564 1905 19,
603 1851 656 1891 27
699 1851 740 1890 et
772 1849 878 1890 Aen.
916 1847 999 1889 XII
1033 1847 1136 1901 520,
1175 1862 1233 1888 or.
1272 1846 1334 1888 VI
1370 1847 1441 1900 19,
1480 1846 1534 1887 82
1573 1848 1616 1886 et
1653 1844 1759 1885 Aen.
1796 1843 1815 1883 I

119 1923 222 1977 632,
256 1936 315 1963 or.
347 1920 455 1962 VIII
500 1922 569 1974 11,
606 1920 662 1962 48
704 1934 768 1974 sq.
808 1921 850 1960 et
888 1917 994 1959 Aen.
1033 1917 1095 1959 IV
1134 1918 1238 1971 2423
1272 1932 1329 1958 or.
1362 1915 1423 1957 IX
1456 1916 1499 1969 3,
1537 1916 1594 1956 44
1633 1917 1674 1956 et
1712 1914 1815 1955 Aen.

118 1993 183 2035 III
216 1992 318 2047 519,
352 2007 410 2033 or.
442 1992 504 2033 IX
536 1992 589 2046 4,
621 1992 644 2033 8
680 1993 721 2032 et
754 1991 858 2031 Aen.
890 1989 930 2030 V
965 1990 1066 2043 758,
1100 2003 1158 2030 or.
1190 1988 1228 2029 X
1258 1988 1337 2028 101
1368 1989 1410 2028 et
1436 1986 1587 2027 Aen.I
1625 1986 1724 2041 178,
1757 1999 1815 2025 or.

118 2064 157 2105 X
192 2064 273 2105 163
308 2065 350 2104 et
382 2061 485 2103 Aen.
518 2061 624 2103 VIII
665 2058 811 2115 6491),
852 2074 909 2100 or.
949 2059 1010 2100 XI
1049 2060 1094 2113 3,
1133 2059 1188 2099 34
1217 2073 1305 2113 sqq.
1345 2056 1414 2112 (cf.
1452 2056 1535 2098 XII
1574 2058 1619 2110 4,
1660 2055 1734 2112 23)
1774 2059 1815 2096 et

120 2134 225 2176 Aen.
265 2133 328 2175 VI
369 2135 452 2176 287
488 2132 607 2188 sq.²);
651 2147 709 2173 or.
750 2130 834 2172 XII
875 2132 918 2184 2,
951 2131 976 2171 2
1019 2133 1061 2171 et
1102 2129 1206 2170 Aen.
1245 2129 1265 2170 I
1298 2129 1400 2183 215,
1449 2144 1507 2170 01·.
1548 2128 1631 2169 XII
1674 2128 1718 2181 2,
1764 2128 1813 2168 11

121 2209 163 2248 et
196 2205 299 2246 Aen.
331 2204 395 2246 III
432 2204 533 2259 113,
567 2219 627 2245 01·.
667 2203 750 2244 XII
784 2204 827 2256 3,
867 2203 892 2243 6
933 2204 974 2243 et
1013 2201 1117 2242 Aen.
1150 2200 1234 2242 XII
1273 2201 1316 2254 9,
1358 2215 1416 2241 or.
1456 2199 1560 2241 XIII
1602 2200 1672 2252 16,
1711 2200 1735 2240 8
1776 2201 1817 2239 et

120 2276 225 2318 Aen.
257 2274 319 2317 VI
354 2276 425 2329 143
459 2290 517 2317 or.
549 2274 652 2315 XIV
686 2274 729 2328 6,
763 2274 818 2314 23
847 2275 888 2314 et
922 2271 1027 2313 Aen.
1054 2271 1097 2312 II
1125 2270 1241 2326 213),
1276 2286 1333 2313 or.
1356 2270 1458 2313 XIV
1480 2272 1522 2325 6,
1556 2271 1610 2311 36
1645 2272 1687 2311 ct
1713 2269 1818 2310 Aen.

120 2348 140 2389 I
173 2347 246 2400 52,
279 2362 338 2388 or.
370 2345 451 2387 XV
484 2346 528 2400 9,
561 2346 586 2386 6
620 2347 662 2386 et
694 2344 801 2386 Aen.
833 2343 893 2385 IX
928 2344 1003 2397 60,
1044 2358 1103 2385 or.
1135 2342 1215 2384 XV
1253 2343 1322 2395 13,
1359 2342 1410 2383 12
1445 2344 1487 2383 et
1519 2355 1663 2396 georg,
1695 2341 1715 2381 I
1744 2341 1817 2393 71,

123 2433 182 2459 01·.
214 2417 318 2459 XVI
349 2418 393 2471 3,
426 2418 451 2458 3
485 2419 527 2457 et
559 2415 665 2456 Aen.
697 2414 737 2455 X
770 2414 871 2468 653,
906 2429 964 2455 or.
985 2413 1111 2455 XVII
1132 2414 1176 2467 5,
1202 2414 1227 2454 3
1257 2419 1297 2454 et
1329 2413 1422 2454 buc.
1449 2412 1488 2453 V
1518 2413 1559 2466 7,
1593 2427 1651 2453 01·.
1672 2411 1818 2452 XVIII

125 2490 167 2542 7,
199 2489 224 2530 8
259 2491 301 2529 et
334 2487 438 2529 Aen.
471 2487 533 2528 IX
569 2486 672 2539 705,
706 2500 766 2527 or.
797 2484 946 2526 XVIII
982 2485 1053 2535 12,
1093 2485 1118 2525 6
1157 2487 1199 2525 et
1238 2484 1342 2525 Aen.
1379 2483 1441 2524 IX
1479 2482 1582 2537 505,
1621 2498 1679 2524 or.
1717 2482 1817 2523 XIX

125 2560 169 2612 1,
203 2560 227 2600 9
262 2561 305 2599 et
338 2557 441 2599 Aen.
473 2557 493 2598 I
526 2558 600 2611 43,
644 2571 702 2597 or.
734 2555 836 2596 XIX
871 2556 915 2609 7,
948 2556 973 2596 3
1015 2557 1056 2596 et
1094 2554 1198 2596 Aen.
1232 2554 1338 2595 VIII
1370 2555 1475 2608 4533
1514 2569 1572 2595 or.
1611 2553 1712 2594 XIX
1756 2553 1820 2606 19,

123 2632 148 2672 6
184 2632 226 2671 et
257 2629 362 2671 Aen.
394 2628 455 2669 IX
487 2621 592 2681 408,
625 2642 681 2668 or.
715 2627 793 2668 XX
830 2627 900 2680 10,
943 2627 961 2666 1
1005 2629 1047 2667 et
1080 2626 1184 2666 Aen.
1218 2626 1301 2667 XII
1345 2626 1443 2679 118,
1483 2640 1542 2666 or.
1575 2625 1654 2666 XX
1691 2624 1759 2676 14,
1794 2625 1818 2663 2

126 2704 169 2743 et
201 2714 344 2756 georg.
371 2700 391 2741 I
427 2700 525 2754 170,
560 2714 618 2740 or.
645 2698 725 2740 XX
762 2698 833 2751 14,
870 2698 922 2738 10
956 2699 997 2738 et
1030 2711 1163 2752 georg
1194 2696 1213 2737 I
1250 2697 1344 2738 164.

243 2771 497 2826 Priusquam
530 2770 711 2812 aliorum
739 2769 807 2809 vel
840 2766 992 2823 alius4)
1031 2768 1075 2808 in
1107 2767 1350 2822 Vergilium
1384 2769 1624 2809 commenta
1658 2766 1709 2807 ab
1744 2766 1818 2806 lsi-

222 2925 254 2968 1)
283 2922 408 2957 omisit
432 2922 594 2957 Isidorus
623 2919 746 2965 ‘quasi
766 2918 1050 2964 στρογγύλωπας
1076 2932 1098 2955 a
1124 2919 1387 2963 rotunditatc',
1413 2930 1498 2952 nam
1525 2916 1647 2951 Plauti
1675 2927 1818 2950 versum

125 2976 348 3011 addiderunt
374 2974 470 3011 Itali.
569 2977 604 3019 2)
632 2975 675 3009 ef.
707 2973 893 3018 mythogr.
921 2973 935 3006 I
964 2977 1026 3015 72,
1055 2973 1087 3008 II
1118 2978 1203 3016 131,
1230 2973 1279 3007 ΙΙΙ
1310 2976 1363 3014 14,
1392 2976 1421 3005 5.
1535 2972 1568 3011 3)
1596 2970 1665 3003 hoe
1692 2970 1773 3003 loco
1800 2981 1821 3003 a

125 3030 363 3074 vulgatorum
382 3028 562 3063 librorum
588 3026 783 3069 memoria,
812 3037 923 3070 quam
950 3026 1110 3061 Isidorus
1137 3027 1282 3060 secutus
1311 3027 1375 3067 est,
1404 3023 1654 3058 Cassellanum
1682 3022 1820 3056 dissen-

125 3081 196 3117 tire
222 3093 364 3117 moneo.
505 3083 539 3125 4)
565 3092 652 3114 nam
678 3080 739 3114 vix
767 3079 957 3124 probabile
985 3081 1039 3114 est
1064 3079 1188 3124 plures
1214 3079 1361 3122 praeter
1387 3076 1602 3110 Servianum
1636 3086 1819 3110 commen-

124 3133 239 3169 tarios
265 3135 443 3170 Isidorum
470 3133 682 3179 inspexisse.
