2204 3437
329 928 370 959 10

330 1287 369 1316 15

326 1641 371 1671 20

329 1997 371 2027 25

397 171 483 211 642
629 201 639 207 .
1165 174 1325 209 SERVII

396 283 592 333 praestat
630 280 790 335 aliquid
828 280 1026 323 humanis
1065 281 1302 324 laboribus:
1344 285 1418 325 aut
1450 283 1486 324 si
1525 284 1625 338 quid
1664 300 1876 327 meremur
1912 290 2087 342 propter

396 350 569 404 pietatis
603 351 784 404 cultum,
823 354 871 393 ut
903 351 950 405 <I
982 353 1095 406 526>
1126 367 1276 407 parce
1315 354 1399 408 pio
1432 355 1626 410 generi,
1664 355 1744 398 hoc
1776 356 1917 411 ipsum
1948 373 2085 400 remu·
2148 360 2151 365 ’

396 435 562 461 nerare:
597 423 671 462 aut
702 424 836 477 certe,
867 423 978 476 quod
1006 425 1072 464 est
1103 423 1273 477 melius,
1306 424 1342 465 si
1369 425 1435 466 vel
1466 426 1642 480 respicit
1668 441 1736 468 res
1767 427 1974 469 humanas
2002 429 2087 483 pie-

396 494 480 542 tas,
514 506 619 545 quae
652 491 702 533 de
735 493 860 534 terris
893 494 996 535 olim
1027 495 1216 536 recessit.
1787 485 1792 489 .

515 563 611 604 690.
663 575 746 605 RES
780 575 915 605 ERIPE
946 576 1068 607 LETO
1099 566 1308 618 superflua
1339 567 1591 622 acyrologia
1623 571 1698 610 est.

514 633 610 675 691.
661 645 787 683 QVOD
821 646 1048 678 SVPEREST
1081 636 1191 691 quod
1224 650 1410 692 congrue
1444 638 1649 693 sequitur.

515 704 611 745 694.
662 717 764 747 SINE
809 718 936 748 MORE
981 707 1071 748 sine
1117 708 1322 761 exemplo.
1443 721 1742 760 TONITRVQVE
1786 723 1826 752 T.
1871 711 2087 754 ablativus

396 775 465 816 hic
502 775 688 817 incertus
728 778 794 817 est
830 780 973 819 utrum
1006 793 1030 818 a
1061 781 1213 820 neutro
1256 779 1548 821 indeclinabili
1580 781 1726 822 veniat
1757 781 1858 823 ‘hoc
1888 782 2088 837 tonitru',

396 848 445 886 ut
485 844 587 887 ‘hoc
628 846 797 889 cornu':
841 863 940 889 nam
978 849 1075 890 inde
1114 852 1178 890 est
1216 849 1513 905 fractaeque
1558 852 1790 894 tonitrua
1826 853 1997 907 nubis,
2041 856 2089 894 ut

399 915 607 958 ecornua’:
652 932 704 959 an
745 933 769 959 a
806 920 1040 961 masculino
1084 920 1313 962 secundum
1358 926 1555 976 quartam
1600 923 1946 965 declinationem:
1989 924 2088 965 hinc

398 988 510 1028 enim
543 992 608 1030 est
639 989 866 1030 tonitrus
900 991 1010 1044 agis
1044 995 1092 1033 et
1124 1006 1230 1033 mea
1261 992 1479 1034 fulmina
1510 996 1732 1049 torques.

515 1059 611 1100 695.
662 1072 819 1101 ARDVA
846 1073 1095 1103 TERRARVM
1120 1063 1384 1117 periphrasis
1410 1065 1633 1107 montium.
1724 1078 1939 1108 AETHERE
1966 1078 2086 1109 'roro

395 1145 473 1184 pro
507 1134 603 1172 aere
635 1131 790 1185 posuit.

515 1201 611 1243 697.
662 1214 938 1244 MADESCVNT
972 1215 1156 1246 ROBORA
1196 1208 1270 1246 aut
1308 1209 1596 1248 umectantur:
1636 1209 1710 1248 aut
1742 1208 2013 1249 resolvuntur
2044 1209 2087 1250 in

397 1273 600 1313 cinerem:
634 1272 747 1327 quod
778 1275 972 1316 naturale
1005 1278 1070 1316 est
1101 1279 1199 1330 post
1231 1277 1485 1318 incendium.

515 1344 610 1385 703.
660 1356 877 1387 FATORVM
911 1347 1190 1388 oraculorum.

518 1415 613 1456 704.
664 1427 757 1458 ’ΝΜ
785 1427 953 1459 SENIOR
978 1429 1160 1460 NAVTES
1188 1418 1294 1460 bene
1322 1419 1521 1462 daturum
1548 1421 1773 1462 consilium
1800 1424 1843 1462 et
1870 1422 1921 1463 ab
1949 1424 2090 1464 aetate

397 1488 439 1526 et
466 1502 490 1527 a
515 1487 743 1540 prudentia
774 1490 815 1528 et
842 1503 865 1528 a
892 1488 1100 1544 religione
1133 1490 1415 1532 commendat.
1466 1491 1579 1545 quod
1613 1495 1754 1534 autem
1788 1492 1892 1534 dicit
1924 1492 2088 1534 ‘Pallas

396 1572 522 1612 quen]
550 1557 727 1611 docuit’‚
760 1562 935 1613 propter
967 1560 1069 1601 illud
1106 1561 1218 1615 quod
1252 1577 1380 1615 supra
1407 1562 1498 1614 <III
1519 1564 1633 1616 407>
1665 1564 1867 1617 diximus,
1899 1564 2090 1618 fingitur,

398 1628 498 1683 quia
537 1629 628 1683 ipse
666 1629 847 1670 Romani
885 1630 1125 1673 Palladium
1165 1633 1335 1674 detulit:
1378 1633 1487 1675 unde
1519 1633 1778 1676 Nautiorum
1816 1634 1979 1676 familia
2011 1635 2088 1676 Mi-

396 1714 551 1741 nervae
592 1715 712 1741 sacra
750 1701 982 1743 retinebat:
1029 1703 1140 1757 quod
1180 1704 1309 1745 etiam
1342 1703 1479 1746 Varro
1513 1704 1636 1746 docet
1668 1706 1711 1747 in
1744 1706 1866 1747 libris
1901 1720 2006 1760 quos
2039 1706 2089 1747 de

396 1770 572 1812 familiis
601 1770 800 1813 Troianis
834 1773 1012 1827 scripsit.
1116 1787 1245 1816 VNVM
1278 1776 1565 1830 praecipuum.
1670 1788 1890 1819 TRITONIA
1916 1789 2088 1820 PALLAS

396 1857 474 1896 pro
509 1858 591 1884 uno
626 1843 800 1898 proprio
834 1844 915 1886 duo
949 1847 1285 1888 antonomasiva.

517 1914 611 1955 705.
661 1926 893 1957 REDDIDIT
927 1928 1046 1957 ARTE
1080 1917 1124 1957 id
1152 1921 1209 1958 est
1239 1918 1416 1971 virtute,
1448 1913 1531 1959 ἀπὸ
1566 1918 1642 1972 τῆς
1673 1914 1840 1973 ἀρετῆς.

519 1985 613 2026 706.
665 1997 897 2028 RESPONSA
930 1999 1083 2028 DABAT
1116 1988 1209 2029 laus
1244 1988 1424 2031 consilii.
1546 2001 1633 2030 VEL
1666 2001 1789 2039 QVAE
1822 2002 2090 2033 PORTENDE-

492 2118 510 2147 7
540 2113 641 2147 ‘Sine
668 2115 783 2149 more’
812 2115 889 2150 sine
916 2115 1100 2162 exemplo]
1128 2116 1172 2151 cf.
1200 2116 1301 2151 Luct.
1329 2116 1428 2152 Plac.
1456 2118 1502 2151 ad
1530 2117 1621 2153 Stat.
1648 2117 1761 2153 Theb.
1789 2119 1803 2151 I
1830 2121 1928 2163 23811
1957 2119 2089 2154 ablati-

398 2173 463 2194 vus
489 2161 549 2194 hic
577 2172 605 2194 e.
634 2173 666 2204 q.
695 2161 739 2207 s.]
778 2162 822 2196 cf.
850 2163 952 2198 Luct.
978 2162 1077 2198 Plac.
1106 2164 1151 2198 ad
1180 2164 1273 2198 Stat.
1302 2164 1414 2199 Theb.
1444 2165 1457 2198 1
1484 2168 1551 2199 258
1587 2167 1623 2200 et
1654 2177 1783 2201 comm.
1812 2167 1898 2200 Luc.
1927 2167 1994 2201 VII
2022 2170 2088 2201 197

399 2208 436 2241 ot
463 2212 529 2242 207
556 2210 568 2252 Η
600 2213 619 2242 9
646 2209 874 2256 fractaeque]
902 2210 988 2245 Luc.
1016 2210 1064 2244 VI
1092 2215 1158 2245 692
1184 2213 1195 2256 ΙΙ
1229 2216 1267 2246 11
1297 2212 1472 2258 tonitrus]
1501 2213 1591 2247 Stat.
1619 2213 1734 2247 Theb.
1763 2214 1777 2247 Ι
1803 2217 1870 2248 258

495 2331 511 2360 1
539 2328 690 2370 propter
715 2327 892 2371 pietatem
920 2328 1057 2363 cultam
1084 2328 1123 2362 F
1151 2331 1162 2371 Η
1194 2333 1213 2363 2
1240 2329 1383 2376 generi]
1411 2330 1557 2374 genitor
1583 2330 1622 2364 F
1649 2332 1661 2375 ΙΙ
1695 2336 1715 2365 3
1742 2333 1842 2366 certe
1868 2342 1932 2365 om.
1960 2331 1999 2365 F
2026 2332 2038 2376 ΙΙ
2070 2335 2089 2366 5

399 2386 509 2408 LAETO
537 2374 569 2407 L
608 2387 716 2408 Lemo
742 2374 840 2408 HM
863 2377 874 2418 ΙΙ
906 2376 1118 2420 acyrologia
1143 2377 1213 2421 est]
1240 2377 1279 2411 id
1306 2379 1362 2411 est
1387 2377 1648 2422 improprietas
1674 2378 1868 2413 sermonis:
1894 2389 1967 2413 non
1993 2379 2090 2413 enim

399 2421 538 2455 loetum
564 2420 700 2455 dicitur
726 2421 797 2455 nisi
825 2422 869 2456 de
896 2422 1104 2457 viventibus
1131 2423 1353 2461 animalibus
1379 2426 1463 2459 add.
1490 2425 1528 2458 D
1555 2427 1567 2469 Η
1599 2430 1616 2459 7
1646 2439 1673 2459 r.
1702 2437 1767 2459 om.
1796 2425 1835 2459 F
1863 2427 1874 2469 ΙΙ
1906 2425 2090 2460 ablativus

402 2496 407 2502 .
437 2498 442 2503 .
473 2497 478 2502 .
507 2470 576 2503 hoc
602 2468 761 2514 tonitru]
796 2468 856 2502 1110
888 2469 1074 2504 ablatiuus
1107 2469 1289 2505 incertum
1322 2473 1376 2506 est
1409 2472 1502 2506 unde
1535 2472 1661 2507 ueniat
1685 2474 1806 2507 utrum
1834 2484 1856 2507 a
1881 2473 2010 2507 neutro
2036 2472 2090 2507 in—

400 2515 613 2549 declinabili
640 2516 708 2550 1100
735 2516 874 2550 tonitru
902 2516 941 2550 F
961 2518 973 2561 Η
1005 2521 1025 2551 8
1051 2517 1311 2552 indeclinabile
1339 2519 1377 2552 H
1400 2520 1412 2563 ss
1444 2524 1463 2553 9
1492 2520 1560 2553 1100
1586 2520 1713 2565 cornu]
1741 2531 1854 2554 cornu
1880 2530 1991 2554 cornu
2019 2520 2056 2553 F
2088 2521 2089 2565 ᾗ

400 2574 484 2597 nam
512 2562 596 2596 inde
625 2591 630 2596 .
660 2590 665 2595 .
694 2591 700 2597 .
728 2564 770 2596 ut
796 2574 932 2598 cornua
957 2576 1022 2598 om.
1050 2564 1090 2598 F
1117 2566 1129 2608 ΙΙ
1166 2565 1272 2599 nubis
1299 2566 1491 2600 lucanus:
1522 2566 1638 2601 nubes
1663 2567 1848 2601 NLHM
1877 2568 1889 2611 ΙΙ
1928 2571 1970 2600 10
1996 2578 2042 2601 an
2069 2579 2091 2602 a

401 2610 496 2643 NM
520 2614 550 2643 et
570 2611 610 2644 in
631 2621 702 2645 ras.
722 2611 750 2644 Z:
778 2621 824 2644 an
845 2610 885 2644 F
919 2612 1014 2645 Nam
1042 2612 1085 2645 H
1100 2612 1111 2655 ΙΙ
1132 2613 1334 2647 masculina
1357 2613 1401 2646 H
1422 2617 1453 2648 et
1472 2614 1513 2648 in
1531 2625 1602 2649 ras.
1625 2615 1636 2648 l
1654 2615 1666 2658 ΙΙ
1685 2614 1771 2648 hinc
1797 2614 1893 2648 enim
1920 2615 1976 2648 est
1993 2614 2090 2648 NL:

401 2657 485 2691 hinc
512 2657 609 2691 enim
636 2657 767 2692 statius
794 2657 833 2691 F
867 2658 952 2692 111110
982 2660 1037 2693 est
1062 2659 1102 2692 H
1140 2659 1223 2693 111110
1250 2662 1306 2694 est
1331 2659 1429 2694 enim
1456 2661 1505 2694 M
1530 2663 1542 2705 u
1581 2666 1622 2695 12
1650 2661 1846 2707 montium]
1880 2661 1918 2695 id
1943 2663 2001 2696 est
2025 2673 2091 2706 per

401 2704 655 2738 circuitionem
682 2707 723 2739 ut
749 2706 876 2749 (θωνα.
904 2706 935 2739 ΙΙ
963 2708 1045 2747 320)
1084 2706 1255 2741 ‘candida
1281 2707 1384 2742 venit
1409 2707 1487 2742 avis
1513 2708 1634 2752 longis
1659 2707 1779 2743 invisa
1804 2707 1977 2743 colubris'
2006 2709 2088 2743 add.

406 2751 438 2784 D
469 2752 482 2795 ΙΙ
521 2756 561 2785 13
594 2751 733 2797 posuit]
769 2762 851 2786 cum
877 2764 938 2787 aer
964 2752 1115 2787 inferior
1148 2753 1210 2795 sit,
1244 2755 1386 2798 aether,
1421 2755 1459 2788 id
1485 2756 1542 2789 est
1566 2755 1680 2800 ignis,
1712 2756 1877 2800 superior
1907 2756 1990 2790 add.
2017 2756 2055 2789 D

403 2803 445 2832 14
465 2799 724 2833 humectantur
744 2799 833 2832 LM
863 2802 1072 2834 umectatur
1093 2800 1133 2833 H
1149 2802 1160 2844 ΙΙ
1182 2804 1223 2834 18
1244 2802 1465 2836 conmendat
1485 2803 1533 2836 M
1549 2804 1561 2845 ΙΙ
1581 2806 1624 2836 20
1645 2814 1717 2846 qua
1736 2803 1778 2836 N
1793 2805 1804 2846 ΙΙ
1825 2803 2030 2837 nautiomm
2049 2802 2091 2836 H

498 2865 513 2882 C

401 2893 610 2927 nautiorum
635 2893 676 2926 N
711 2895 906 2928 nautarum
927 2894 965 2927 F
975 2894 1003 2926 L
1029 2895 1102 2937 (secl
1127 2895 1276 2928 alterum
1304 2907 1326 2929 a
1353 2896 1391 2929 in
1418 2907 1486 2931 ras.
1509 2897 1532 2938 l)
1560 2896 1754 2930 nautorum
1776 2896 1823 2929 M
1836 2897 1848 2941 ΙΙ
1867 2900 1910 2930 23
1937 2897 2089 2932 antono-

403 2940 544 2973 masiva
570 2940 692 2984 posuit
724 2942 828 2985 mlyo
864 2942 876 2985 ss
913 2942 961 2975 acl
986 2952 1015 2976 v.
1045 2945 1112 2975 704
1140 2942 1177 2974 in
1203 2953 1313 2986 nam-51.
1341 2943 1456 2977 triton
1482 2943 1587 2986 palus
1614 2946 1670 2977 est
1694 2943 1829 2977 africae
1856 2942 1953 2977 circa
1979 2954 2089 2987 quam

404 2986 578 3031 uirginali
603 2987 719 3021 fertur
745 2988 959 3032 apparuisse
986 2989 1109 3022 aetate
1135 2988 1300 3022 minei-ua
1325 2990 1409 3023 inde
1436 2990 1598 3024 tritonia.
1650 2990 1768 3034 pallas
1795 2989 1841 3024 ab
1867 2990 1987 3024 insula
2013 2991 2089 3034 pal-

404 3032 484 3067 lene
511 3035 553 3067 ut
578 3034 701 3078 placet
726 3035 945 3078 quibusdam
971 3035 1009 3069 in
1034 3034 1176 3069 thracia
1202 3036 1263 3070 ubi
1289 3037 1429 3071 nutrita
1455 3040 1511 3071 est
1540 3037 1663 3081 1'1124
1690 3048 1760 3082 apo
1785 3038 1840 3070 tes
1866 3039 1984 3071 aretes
2004 3037 2094 3072 NH

406 3091 475 3123 apo
501 3080 550 3114 tis
576 3081 707 3125 arsslses
735 3082 765 3115 L
800 3084 893 3126 (Ληω
921 3094 980 3116 rrec
1006 3095 1094 3116 Arne
1120 3082 1156 3116 id
1184 3085 1238 3116 est
1263 3094 1284 3117 a
1310 3084 1446 3118 uirtute
1472 3086 1509 3118 in
1536 3095 1647 3128 mmy.
1676 3085 1701 3125 I)
1733 3095 1804 3128 apo
1836 3083 1917 3117 thes
1943 3084 2089 3119 arethes

408 3127 454 3160 M
472 3129 483 3170 11
504 3132 546 3161 25
573 3127 652 3164 laus
678 3139 742 3164 om.
766 3129 805 3162 F
820 3130 831 3174 ΙΙ
851 3129 1011 3176 consilii]
1040 3141 1122 3165 cum
1149 3129 1341 3163 consilium
1370 3130 1503 3165 divinis
1529 3132 1720 3175 comparat
1743 3130 1927 3175 responsis
1953 3132 2035 3166 add.
2051 3131 2090 3166 D

2200 2741 2204 2749 1

2201 2778 2204 2793 Ι

2198 2934 2204 3032 ;

2196 3033 2204 3174 i
