2132 3354
269 137 299 171 X
967 132 1254 168 PRAEFATIO.

273 245 376 298 126,
424 244 526 298 136,
572 244 674 297 188,
719 242 820 296 220,
863 241 969 296 255,
1014 241 1109 282 606.
1170 239 1234 280 III
1278 238 1381 292 120,
1425 237 1531 292 200,
1574 237 1681 293 351,
1718 238 1825 293 443,
1863 239 1959 280 637.

270 314 376 357 VIII
409 316 476 356 95.

386 386 452 428 Ea
484 400 590 440 quac
622 386 667 426 in
699 384 963 439 plenioribus
996 382 1120 423 libris
1153 381 1244 422 sine
1269 380 1436 422 ratione
1464 382 1537 422 aut
1562 379 1744 421 inmixta
1769 380 1959 435 vulgatis

269 457 444 499 scholiis
478 459 552 498 aut
590 471 685 497 cum
725 455 785 496 eis
818 468 977 496 conexa
1017 467 1107 494 esse
1146 451 1418 505 videbantur,
1445 451 1522 493 'vel
1566 451 1721 492 iterato
1755 450 1959 493 Serviano

269 529 470 569 lemmate
515 526 582 567 vel
622 525 786 580 aptiore
823 524 1011 578 praefixo
1051 537 1242 564 seorsum
1284 522 1533 564 collocanda
1569 521 1730 576 putavi.
1793 536 1875 576 qua
1915 536 1960 563 re

269 599 350 640 etsi
388 613 473 640 11011
511 600 600 638 tam
640 596 911 637 librariorum
953 609 1081 648 quam
1120 594 1210 635 eius
1249 608 1410 636 errores
1444 594 1604 636 sublati
1636 595 1734 634 sunt
1767 593 1838 648 qui
1870 593 1959 647 ple-

269 670 432 710 niorem
471 667 822 709 commentarium
862 665 1121 720 composuit,
1159 667 1304 706 tamen
1335 679 1423 706 non
1447 679 1596 706 vereor
1625 679 1677 706 ne
1710 664 1824 705 ultra
1854 664 1959 706 fines

269 739 443 781 editoris
480 738 643 779 muneri
682 737 940 779 constitutos
978 749 1230 790 progressus
1271 750 1362 777 esse
1394 736 1556 778 videar:
1597 750 1702 790 quos
1735 750 1821 777 non
1853 738 1957 790 puto

268 813 355 850 tam
389 812 594 864 angustos
628 823 737 861 esse,
769 809 817 848 ut
848 807 892 847 in
925 821 1051 860 opere
1085 821 1107 848 e
1139 807 1372 848 multorum
1400 807 1674 861 commentis,
1706 821 1812 861 quae
1840 822 1960 849 suam

269 880 462 935 quodque
495 880 749 935 dignitatem
781 879 960 932 habent,
992 879 1138 919 infima
1171 881 1312 920 aetate
1343 880 1581 933 composito
1608 892 1694 919 non
1721 878 1849 919 liceat
1875 877 1977 929 sin7

271 952 394 1006 gulas
426 953 569 1005 partes
603 964 696 991 cum
729 950 841 990 inter
874 964 917 990 se
950 963 1136 990 conexae
1169 949 1371 990 damnum
1404 950 1600 1004 fecerint,
1633 949 1753 1004 quasi
1783 948 1828 990 in
1854 949 1960 990 inte—

270 1037 393 1077 grum
426 1021 659 1063 restituere.
711 1020 872 1061 accedit
905 1019 1016 1074 quod
1048 1019 1092 1060 in
1125 1019 1364 1061 Turonensi
1396 1020 1538 1062 codice
1571 1035 1621 1062 ea
1653 1033 1759 1074 quae
1791 1018 1837 1060 in
1867 1018 1960 1061 Flo-

269 1093 450 1134 riacensi
504 1091 688 1145 vulgatis
741 1091 941 1132 adiuncta
992 1093 1091 1132 sunt
1133 1091 1382 1145 plerumque
1428 1105 1620 1133 seorsum
1663 1090 1823 1144 scripta
1868 1104 1959 1131 esse

270 1163 477 1204 videmus:
511 1162 560 1203 de
588 1176 671 1216 qua
697 1177 741 1203 re
768 1162 879 1203 infra
906 1162 1145 1203 accuratius
1172 1162 1347 1203 dicetur.
1387 1162 1567 1217 denique
1593 1161 1770 1215 vulgata
1796 1160 1960 1202 scholia

269 1237 316 1275 ut
355 1233 592 1275 Danielinis
637 1233 942 1287 adaptarentur
984 1232 1098 1274 haud
1141 1233 1287 1286 paucis
1330 1233 1435 1274 locis
1481 1232 1709 1274 admodum
1753 1231 1963 1273 violenter

270 1307 436 1345 mutata
468 1306 578 1345 sunt.
617 1304 666 1346 cf.
689 1302 832 1344 Aen.I
858 1303 1051 1358 145sqq.,
1084 1304 1168 1345 248
1203 1301 1260 1357 (p.
1293 1303 1361 1357 93,
1395 1301 1453 1358 2),
1486 1302 1585 1354 250,
1612 1302 1694 1343 261
1727 1300 1783 1356 (p.
1805 1301 1873 1355 97,
1897 1302 1961 1343 12.

270 1375 318 1416 cf.
352 1376 492 1416 adnot.
525 1373 648 1430 crit),
680 1374 778 1428 330,
810 1374 895 1415 363
929 1372 999 1430 (cf.
1033 1373 1174 1415 adnot.
1202 1372 1326 1429 crit),
1357 1374 1455 1427 420,
1480 1373 1579 1414 437.
1623 1373 1667 1413 111
1692 1372 1819 1413 11111113
1847 1372 1963 1414 modi

271 1460 436 1501 quoque
469 1445 643 1486 scholiis
672 1444 984 1486 constituendis
1011 1445 1141 1486 malui
1167 1444 1371 1498 plenioris
1398 1443 1691 1485 commentarii
1717 1445 1963 1485 contextum

271 1517 435 1558 solvere
481 1531 607 1570 quam
653 1518 803 1558 contra
848 1516 952 1557 artis
997 1516 1113 1569 leges
1146 1515 1390 1556 breviorum
1421 1503 1630 1556 librorum
1663 1513 1963 1555 auctoritatem

271 1602 480 1642 spernere.
536 1602 587 1628 ne
620 1602 670 1629 ea
703 1587 871 1642 quidem
904 1601 1012 1642 quae
1044 1586 1097 1627 ab
1132 1586 1228 1627 aliis
1260 1585 1566 1639 interpretibus
1599 1585 1736 1638 petita
1768 1587 1869 1626 sunt
1901 1585 1962 1627 sic

272 1673 438 1713 semper
477 1659 667 1700 exhibita
706 1674 814 1713 esse,
853 1661 901 1700 ut
940 1657 1178 1699 sententiae
1212 1671 1359 1699 eorum
1391 1656 1574 1697 fideliter
1607 1670 1834 1709 expressae
1866 1655 1965 1709 sint,

272 1729 528 1772 Turonensis
562 1730 691 1772 codex
723 1730 847 1771 testis
882 1732 958 1783 est,
990 1729 1034 1769 in
1068 1743 1162 1783 quo,
1194 1731 1242 1769 ut
1273 1727 1354 1769 hoc
1387 1726 1580 1781 exemplo
1607 1728 1715 1777 utar,
1748 1726 1800 1767 ad
1827 1725 1965 1767 ‘semi-

272 1802 363 1842 viro
397 1800 616 1842 comitatu'
652 1799 775 1856 (Aen.
809 1799 870 1841 IV
903 1797 1007 1855 215)
1039 1799 1145 1840 haec
1183 1800 1280 1852 apte
1314 1797 1528 1851 adscripta
1560 1798 1660 1839 sunt
1689 1797 1734 1838 id
1764 1800 1821 1839 est
1850 1797 1965 1839 molli

271 1876 308 1913 ct
338 1872 586 1923 effeminato.-
625 1886 732 1925 quae
771 1871 811 1911 in
846 1870 1105 1912 Floriacensi
1144 1884 1239 1910 cum
1273 1867 1443 1910 Servius
1482 1868 1663 1909 similem
1701 1882 1871 1909 Versum
1911 1882 1961 1909 ex

273 1959 385 1985 nono
418 1944 530 1984 libro
563 1942 794 1995 laudasset,
828 1942 899 1996 qui
933 1943 998 1982 est
1029 1955 1049 1982 o
1081 1954 1169 1982 vcro
1198 1939 1432 1993 le·y9iae.‘
1479 1952 1603 1992 neque
1634 1939 1742 1980 enim
1772 1938 1964 1992 Phryfscs,

274 2015 325 2056 ad
357 2014 469 2055 huuc
502 2013 826 2055 adcommodata
859 2015 975 2066 sunt,
1007 2014 1054 2053 ut
1087 2011 1371 2065 adponeretur
1401 2011 1447 2052 id
1476 2014 1533 2052 cst
1562 2010 1797 2062 effeminati.
1855 2012 1966 2051 cete-

274 2100 368 2126 rum
401 2085 443 2125 in
475 2084 590 2125 tertii
624 2085 763 2138 quarti
797 2084 933 2138 quinti
958 2084 1058 2124 libri
1084 2082 1403 2124 commentariis
1430 2081 1600 2136 parcius
1627 2081 1802 2122 adhibui
1828 2083 1964 2122 trans-

272 2155 456 2209 ponendi
501 2155 747 2208 artificium,
791 2169 876 2195 11011
917 2169 999 2209 quo
1044 2154 1083 2195 ei
1128 2153 1317 2194 diffidere
1362 2153 1616 2206 coepissem,
1668 2151 1740 2192 sed
1784 2151 1895 2206 quod
1941 2166 1966 2193 a

272 2227 401 2267 tertio
428 2226 536 2267 libro
564 2226 713 2279 incipit
740 2226 998 2267 Turonensis
1026 2225 1182 2267 codicis
1209 2238 1328 2277 113113,
1361 2238 1412 2264 ex
1445 2238 1527 2278 quo
1561 2237 1667 2276 quae
1699 2222 1830 2264 fuerit
1862 2222 1964 2263 olim

275 2297 570 2338 additiciorum
606 2297 863 2338 scholiorum
896 2297 1035 2338 forma
1066 2296 1191 2338 facile
1224 2295 1425 2349 cognosci
1455 2296 1611 2348 potest.

391 2368 545 2409 Restat
576 2370 623 2408 ut
654 2367 704 2408 de
736 2367 873 2408 tribus
906 2368 1145 2421 pleniorum
1177 2367 1387 2408 librorum
1421 2365 1712 2406 additionibus
1744 2364 1872 2418 paulo
1898 2378 1962 2405 ac—

276 2440 464 2481 curatius
506 2439 666 2492 dicam,
705 2452 811 2492 quae
852 2452 953 2478 num
989 2424 1103 2478 recte
1136 2452 1160 2478 a
1192 2451 1258 2477 me
1292 2450 1482 2478 seorsum
1515 2435 1681 2489 positae
1714 2437 1857 2476 essent
1889 2449 1964 2475 suo

276 2510 366 2550 iure
399 2509 610 2550 dubitavit
642 2505 883 2550 Fridericus
911 2507 1170 2562 Schoellius,
1204 2508 1276 2562 qui
1309 2507 1404 2549 aliis
1438 2520 1605 2561 quoque
1631 2506 1736 2547 locis
1763 2505 1888 2546 iustis
1915 2505 1964 2546 de

278 2581 417 2622 causis
451 2596 475 2621 a
506 2579 813 2633 transponendi
849 2579 988 2620 studio
1023 2594 1089 2620 me
1122 2578 1347 2620 revocavit.

394 2651 498 2692 Aen.
530 2651 548 2691 I
583 2652 637 2691 63
671 2649 729 2704 (p.
761 2651 833 2703 37,
869 2651 920 2691 12
943 2648 1050 2705 sqq.)
1083 2650 1214 2705 igitur
1246 2650 1377 2690 verba
1409 2663 1515 2702 quae
1549 2650 1648 2689 sunt
1680 2648 1863 2700 alioqum
1894 2647 1966 2689 Iu-

277 2723 374 2762 now?
414 2722 572 2774 obsequi
609 2735 690 2762 own
720 2725 854 2774 posset
892 2722 943 2762 01)
989 2721 1076 2762 illis
1117 2721 1269 2775 quibus
1308 2720 1353 2760 in
1385 2718 1630 2761 Cassellano
1670 2718 1835 2759 adiecta
1867 2721 1967 2759 sunt

279 2796 372 2833 tnnc
409 2792 479 2833 hoc
516 2793 680 2843 fuceret,
725 2806 830 2845 (11100
870 2792 961 2844 ipsa
999 2793 1200 2845 corrupta
1237 2805 1328 2832 esse
1367 2790 1526 2843 iudico,
1570 2789 1803 2843 segregavi.
1871 2788 1965 2829 ideo

282 2865 422 2903 autem
457 2877 505 2903 ca
538 2862 591 2903 ad
623 2877 660 2903 v.
687 2862 740 2902 63
774 2861 988 2915 adscripta
1020 2877 1112 2903 esse
1144 2862 1313 2915 opinor,
1344 2865 1391 2902 ut
1418 2861 1738 2915 intellegeretur
1764 2874 1846 2913 quo
1874 2873 1968 2900 con-

281 2933 377 2973 silio
411 2933 630 2986 Vergilius
663 2933 825 2973 iussum
855 2932 1037 2973 Aeolum
1074 2935 1218 2973 ventos
1252 2931 1378 2973 modo
1413 2931 1606 2972 emittere
1631 2929 1756 2971 modo
1783 2929 1966 2970 retinere

280 3004 475 3044 dixisset:
517 3003 715 3044 videlicet
747 3006 794 3043 ut
825 3002 988 3043 iubenti
1021 3004 1092 3044 ille
1124 3003 1276 3045 Iunoni
1309 3002 1537 3044 obsecutus
1569 3002 1868 3054 tempestatem
1902 3013 1968 3040 ex-

279 3073 409 3115 citare
442 3076 600 3127 posset.
643 3088 788 3114 eorum
821 3088 928 3127 quae
961 3076 1195 3128 sequuntur
1223 3073 1327 3114 mihi
1356 3072 1527 3127 quidem
1553 3071 1658 3112 haec
1683 3070 1850 3112 videtur
1876 3084 1966 3111 esse
