2132 3354
788 120 916 156 PRAE
926 120 1081 156 FATIO.
1673 119 1788 153 XXIX

102 233 289 287 origines
323 231 657 286 significationes
690 231 950 272 differentias
979 228 1175 283 exposuit
1201 241 1411 280 vocesque
1439 227 1577 267 minus
1610 229 1791 269 usitatas

102 303 301 345 ostendit.
358 317 494 357 neque
521 305 658 344 artem
704 303 856 355 poetae
896 300 1129 341 inlustrare
1168 298 1368 352 neglexit.
1425 313 1523 338 nam
1564 298 1790 351 dispositio

101 374 299 415 carminis
342 374 428 414 suis
470 373 574 414 locis
617 372 868 426 explicatur,
921 370 1074 425 quibus
1123 369 1259 422 tropis
1303 371 1344 409 et
1384 368 1535 422 figuris
1572 368 1792 422 Vergilius

101 459 202 485 usus
242 444 314 498 sit,
354 459 481 498 quam
519 443 749 497 diligenter
787 441 887 496 quid
926 442 1077 495 cuique
1116 454 1327 494 personae
1366 439 1611 480 conveniret
1649 439 1788 479 obser-

103 515 285 568 vaverit,
326 514 401 555 ubi
443 514 668 555 verborum
706 513 879 554 ubertas
926 512 1121 566 quaesita
1169 511 1243 551 ubi
1287 510 1434 551 modus
1478 509 1696 550 adhibitus
1739 510 1794 550 sit

103 585 288 626 docetur.
340 588 387 626 ut
419 585 463 625 in
482 584 635 626 horum
670 597 874 637 generum
915 582 1090 623 scholiis
1123 596 1208 622 non
1229 581 1348 621 nulla
1380 580 1656 621 inveniuntur
1689 595 1794 634 quae

102 656 226 698 nobis
261 670 426 710 quoque
458 655 583 696 utilia
616 654 719 707 sint,
751 654 812 695 ita
845 653 988 694 omnia
1020 652 1106 693 fere
1139 652 1266 705 longe
1300 651 1524 692 abicienda
1556 653 1656 691 sunt
1688 665 1794 704 quae

104 726 276 768 Servius
309 727 428 780 dixit,
455 729 502 767 ut
535 725 633 780 quid
673 725 897 778 sensisset,
930 723 1030 777 quid
1062 722 1270 764 voluisset
1302 724 1431 775 poeta
1464 722 1796 776 intellegeretur.

103 813 202 838 nam
234 797 318 838 dici
349 798 420 838 vix
451 799 596 850 potest
629 811 756 850 quam
794 796 940 849 inepte
979 795 1051 835 ille
1086 795 1132 835 in
1174 793 1254 834 hac
1293 807 1337 833 re
1376 795 1598 847 argutatus
1633 793 1700 833 sit.
1746 792 1796 832 cf.

103 867 122 907 Ι
155 869 210 909 39
244 868 296 909 ad
329 867 505 922 ‘quippe
538 869 661 908 vetor
692 865 837 920 fatis’,
876 866 932 906 42
965 865 1018 906 ad
1054 863 1209 918 ‘ipsa’,
1249 864 1302 904 57
1338 863 1389 903 ad
1430 863 1675 917 ‘mollitque
1709 863 1796 903 ani-

104 938 236 992 mos’,
268 939 322 980 58
357 939 406 980 ad
450 937 608 979 ‘maria
652 952 699 978 ac
744 940 881 978 terras
921 936 1166 990 caelumque
1205 933 1504 988 profundum’,
1543 935 1594 975 61
1643 933 1694 974 ad
1733 932 1795 973 ‘id

105 1009 336 1063 metuens',
371 1011 422 1051 71
458 1010 510 1050 ad
543 1009 664 1050 ‘sunt
697 1009 801 1049 mihi
834 1008 899 1049 bis
933 1006 1143 1062 septem’,
1177 1007 1230 1047 73
1264 1006 1316 1047 ad
1349 1005 1552 1047 ‘conubio
1586 1004 1797 1058 iungam’,

107 1081 159 1121 77
182 1080 234 1121 ad
267 1079 394 1121 emilui
420 1080 539 1122 iussa
567 1094 787 1134 capessere
814 1079 879 1120 fas
908 1078 1001 1133 est',
1033 1079 1089 1120 93
1112 1078 1162 1119 ad
1195 1075 1430 1132 ‘ingemiffi
1480 1091 1616 1130 neque
1649 1075 1796 1116 dubito

106 1151 208 1205 quin
238 1151 396 1193 nimiae
428 1151 555 1192 huius
595 1151 711 1192 modi
750 1151 1018 1192 subtilitates
1056 1150 1109 1191 ab
1148 1149 1242 1203 ipso
1284 1147 1432 1189 Servio
1477 1147 1705 1200 pleraeque
1737 1146 1797 1186 in-

107 1225 258 1264 ventae
296 1224 399 1277 sint,
439 1222 511 1277 qui
548 1222 672 1263 nobis
713 1221 884 1276 quidem
922 1220 1067 1262 iudicii
1106 1222 1148 1261 et
1186 1219 1465 1273 simplicitate
1506 1220 1549 1259 et
1588 1218 1802 1271 elegantia

107 1294 281 1335 omnino
316 1294 501 1335 caruisse
535 1293 714 1334 videtur.
771 1292 846 1333 sed
884 1291 1084 1346 aequales
1118 1291 1207 1331 eius
1240 1289 1354 1331 haud
1387 1289 1473 1331 scio
1508 1304 1562 1330 an
1594 1289 1717 1330 aliter
1750 1288 1799 1328 de

107 1379 156 1406 ea
187 1380 231 1406 re
265 1365 493 1419 senserint,
525 1364 679 1419 quippe
713 1379 818 1419 quos
851 1363 896 1405 in
929 1363 1044 1404 omni
1070 1362 1315 1403 litterarum
1342 1374 1495 1415 genere
1522 1359 1801 1414 argutissima

109 1451 300 1491 quaeque
333 1437 518 1478 maxime
551 1435 774 1477 adamasse
807 1436 986 1476 constet.

225 1506 276 1547 In
307 1507 435 1548 rebus
469 1506 718 1548 enarrandis
758 1506 924 1547 curavit
958 1504 1128 1545 Servius
1167 1518 1219 1544 ne
1253 1503 1471 1544 omitteret
1510 1502 1622 1557 quod
1662 1501 1802 1556 cogni-

108 1577 226 1618 tione
260 1577 435 1632 dignum
470 1580 593 1619 esset.
644 1591 744 1618 nam
785 1591 879 1618 cum
913 1575 1152 1617 doctissimi
1193 1578 1344 1628 poetae
1377 1574 1510 1615 libros
1545 1572 1803 1614 enarrandos

109 1648 384 1702 suscepisset,
427 1648 625 1703 diligenti
663 1662 807 1689 eorum
852 1646 1180 1689 commentatori
1223 1645 1385 1686 nullam
1431 1644 1519 1686 fere
1558 1644 1802 1685 litterarum

110 1722 277 1772 partem
307 1719 618 1774 neglegendam
660 1733 751 1760 esse
791 1718 1080 1771 intellexerat,
1118 1732 1254 1771 neque
1294 1716 1449 1757 iniuria
1481 1714 1744 1755 Kirchnerus
1777 1714 1804 1754 l.

110 1790 136 1830 l.
168 1805 207 1843 p.
240 1791 324 1832 498
359 1789 525 1831 monuit
562 1790 613 1831 id'
636 1790 768 1831 videri
802 1788 996 1831 Servium
1032 1789 1190 1842 egisse,
1230 1790 1277 1828 ut
1317 1787 1611 1828 adulescentes
1645 1800 1666 1826 e
1700 1784 1804 1826 Ver-

112 1860 206 1914 gilii
238 1860 499 1902 carminibus
540 1863 582 1901 et
614 1860 749 1914 ipsius
783 1859 1088 1901 commentario
1124 1873 1268 1899 earum
1302 1872 1446 1898 rerum
1479 1855 1704 1897 scientiam
1736 1870 1804 1908 pe-

108 1934 259 1985 terent,
292 1947 396 1986 quas
417 1931 489 1986 qui
520 1932 732 1973 nescirent
764 1930 961 1984 indignos
984 1944 1074 1971 esse
1107 1929 1269 1970 videret
1296 1928 1367 1982 qui
1398 1927 1509 1969 inter
1542 1926 1730 1967 eruditos
1765 1928 1807 1966 et

110 2003 323 2056 politioris
355 2002 639 2044 humanitatis
677 2002 870 2043 homines
891 2003 1228 2041 numerarentur.
1270 1999 1416 2053 itaque
1455 1997 1679 2039 occasione
1717 1996 1805 2036 sive

113 2074 261 2115 oblata
313 2073 401 2115 sive
436 2073 629 2134 ,adrepta
676 2072 1031 2127 philosophorum
1078 2071 1238 2124 placita
1289 2070 1503 2124 exposuit,
1554 2067 1721 2109 fabulas
1765 2069 1807 2106 et

112 2144 316 2185 historias
357 2143 591 2198 enarravit,
630 2143 905 2197 antiquorum
945 2156 1086 2183 mores
1127 2144 1169 2183 et
1207 2141 1407 2182 instituta
1446 2139 1654 2192 ostendit,
1694 2138 1807 2178 loco-

112 2230 208 2256 rum
238 2217 533 2269 terrarumque
572 2214 677 2255 situs
716 2213 958 2267 descripsit,
995 2212 1213 2253 naturales
1251 2227 1318 2253 res
1359 2210 1602 2264 explicavit.
1652 2208 1724 2250 sed
1758 2208 1807 2248 de

114 2286 181 2327 his
212 2286 338 2327 rebus
372 2284 569 2327 omnibus
602 2298 709 2338 quae
746 2283 941 2337 tradidit,
981 2285 1085 2324 nota
1110 2283 1359 2336 plerumque
1393 2282 1493 2322 sunt
1526 2282 1568 2320 et
1600 2278 1806 2333 vulgaria,

115 2359 161 2397 ut
192 2356 433 2397 reconditae
460 2354 678 2396 doctrinae
705 2354 960 2395 documenta
978 2367 1065 2393 non
1091 2352 1152 2393 ita
1179 2352 1314 2393 multa
1340 2351 1625 2392 inveniantur.
1664 2363 1806 2403 quam-

116 2442 243 2481 quam
276 2441 363 2468 non
395 2425 568 2467 omnino
603 2425 767 2466 desunt.
823 2439 923 2465 nam
956 2439 1052 2465 cum
1079 2423 1129 2464 de
1157 2422 1490 2476 antiquitatibus
1517 2421 1807 2462 Romanorum

117 2496 288 2539 Servius
333 2497 540 2551 quaedam
579 2495 768 2549 prodidit
815 2509 995 2550 quorum
1034 2494 1240 2535 memoria
1284 2493 1393 2547 apud
1435 2493 1540 2533 alios
1580 2491 1810 2544 scriptores

117 2570 322 2622 quantum
356 2568 442 2609 scio
481 2582 567 2608 non
600 2569 733 2620 extat,
771 2568 863 2607 tum
901 2565 946 2606 in
985 2565 1157 2619 septimi
1197 2567 1238 2604 et
1278 2564 1419 2605 octavi
1459 2563 1559 2603 libri
1598 2575 1809 2603 commen—

117 2639 239 2680 tariis
274 2639 324 2679 de
357 2637 669 2693 antiquissimis
703 2637 956 2678 Italicarum
989 2636 1183 2690 gentium
1217 2637 1260 2675 et
1286 2635 1509 2676 civitatum
1543 2633 1669 2674 rebus
1704 2631 1809 2672 satis

119 2710 256 2751 multa
287 2709 480 2750 narravit
513 2723 619 2762 quae
660 2708 712 2749 iis
747 2708 819 2762 qui
857 2707 939 2748 hoc
977 2707 1218 2747 litterarum
1257 2719 1390 2760 genus
1429 2706 1697 2758 pertractant
1735 2702 1814 2742 uti—

119 2780 286 2821 lissima
319 2780 416 2821 sint.
485 2793 566 2834 qua
599 2778 648 2819 de
686 2778 808 2819 laude
847 2778 1029 2818 multum
1067 2792 1168 2818 sane
1201 2776 1442 2817 detrahitur
1473 2774 1688 2816 erroribus
1727 2772 1814 2812 illis

120 2851 192 2905 qui
224 2851 268 2891 in
307 2850 481 2892 scholiis
527 2850 579 2891 ad
623 2848 850 2890 historiam
890 2851 932 2889 et
969 2847 1279 2902 geographiam
1318 2845 1631 2900 pertinentibus
1670 2844 1813 2896 depre-

119 2921 373 2962 henduntur.
430 2920 601 2975 singula
633 2919 829 2973 exempla
854 2919 1085 2973 protulisse
1113 2918 1216 2959 satis
1245 2919 1320 2958 est.
1365 2915 1469 2956 Aen.
1489 2914 1554 2955 111
1575 2914 1660 2955 500
1687 2913 1813 2967 enim,

121 2991 191 3032 ubi
225 2991 275 3032 de
308 2990 534 3046 ‘Thybris'
573 2989 761 3031 nominis
800 2990 966 3044 origine
1004 2988 1258 3041 hariolatur,
1296 2989 1459 3027 veteres
1482 2984 1665 3037 Siculos,
1705 2999 1810 3038 quos

123 3061 228 3103 Aen.
252 3061 272 3102 I
304 3062 330 3103 2
363 3076 458 3103 cum
483 3061 593 3104 Italo
620 3074 719 3115 rege
751 3061 795 3101 in
820 3060 991 3101 Italiam
1026 3059 1191 3101 venisse
1224 3061 1265 3098 ct
1287 3056 1392 3098 VIII
1419 3057 1502 3098 328
1530 3070 1625 3097 cum
1658 3055 1811 3097 Abori-
