2204 3437
329 927 371 958 10

330 1282 373 1312 15

331 1638 375 1668 20

397 173 481 213 628
1157 168 1318 203 SERVH

514 281 610 321 460.
661 290 935 328 VERSATQVE
967 289 1151 319 DARETA
1185 276 1346 317 ‘Dares
1378 274 1584 329 Daretis'‚
1624 275 1735 317 unde
1773 278 1838 317 est
1868 274 2090 317 ‘Dareta'z

396 354 440 393 et
471 350 622 392 ‘Dares
655 348 812 403 Daris'‚
843 348 955 390 unde
987 352 1053 391 est
1085 347 1272 402 ‘Daren’‚
1304 348 1415 389 sicut
1443 345 1679 388 ‘Chremes’
1713 348 1757 387 et
1788 344 2012 388 ‘Chremis’
2045 348 2090 387 et

397 420 683 465 ‘Chremetis'.
1373 454 1377 457 .

514 493 612 535 465.
662 503 855 533 INFELIX
888 491 1124 532 consolatio
1158 492 1239 531 est:
1272 489 1382 531 unde
1414 503 1500 530 non
1531 489 1635 530 dicit
1667 486 1895 542 ‘inbellis',
1925 490 1974 529 ut
2004 487 2087 528 for-

396 567 523 606 tunae
556 564 751 605 videatur
783 576 874 603 esse
907 562 1020 616 quod
1053 561 1188 602 victus
1220 563 1296 602 est.

514 635 611 676 467.
662 644 891 682 DIXITQVE
930 634 1055 674 vacat
1087 630 1210 686 ‘que'
1244 631 1371 673 metri
1409 629 1556 684 causa,
1594 633 1637 672 et
1675 629 1828 671 maluit
1864 628 2089 683 perissolo-

397 706 512 761 giam
544 705 704 759 faeere,
738 719 866 759 quam
898 704 963 745 uti
995 703 1211 745 communi
1244 702 1428 757 syllaba,
1461 716 1568 756 quae
1599 701 1798 755 frequens
1825 699 1980 741 vitiosa
2008 701 2088 740 est:

396 777 506 819 unde
534 779 577 818 et
599 775 879 817 Terentianus
906 790 994 816 nec
1025 776 1175 815 tanta
1206 773 1256 814 in
1289 772 1468 814 metris
1495 773 1645 813 venia
1671 771 1967 814 conceditur
1997 770 2090 812 uti:

398 847 549 889 Graeci
582 847 695 888 enim
727 846 793 888 his
826 849 1004 888 utuntur
1037 846 1294 899 frequenter.

514 919 613 960 468.
646 930 759 960 -FIDI
790 928 1032 967 AEQVALES
1064 915 1279 958 Homerus
1312 917 1435 969 φίλοι
1469 913 1645 969 ἑταῖροι.

515 990 612 1031 469.
662 1001 881 1039 VTROQVE
916 989 960 1030 in
991 990 1216 1042 utramque
1249 989 1429 1042 partem.

515 1061 614 1103 472.
663 1071 832 1102 VOCATI
852 1071 1100 1101 ACCIPIVNT
1128 1059 1235 1100 bene
1263 1073 1409 1099 eorum
1436 1057 1623 1099 ostendit
1648 1057 1871 1112 pudorem:
1898 1055 1963 1096 vel
1991 1054 2091 1109 quia

400 1135 521 1174 erant
553 1132 747 1185 occupati
780 1131 892 1172 circa
924 1131 1127 1184 amicum,
1160 1130 1268 1171 dixit
1301 1128 1495 1170 ‘vocati'.

516 1203 613 1244 474.
665 1213 954 1244 COGNOSCITE
999 1213 1170 1243 TEVCRI
1213 1201 1347 1242 habet
1389 1200 1600 1242 rationem
1643 1213 1942 1254 personarum,
1993 1196 2092 1251 quia

400 1275 603 1316 virtutem
635 1274 725 1314 eius
757 1275 967 1314 noverant
1000 1271 1142 1313 Siculi.

516 1345 615 1387 480.
665 1355 1001 1393 EFFRACTOQVE
1035 1355 1206 1385 INLISIT
1240 1355 1286 1383 IN
1315 1354 1423 1385 OSSA
1452 1354 1661 1384 CEREBRO
1694 1341 1942 1396 hypallage:
1976 1339 2092 1381 effre-

401 1417 465 1471 git
497 1431 596 1457 ossa
627 1418 669 1457 et
700 1415 837 1460 inlisit
867 1415 911 1455 in
945 1415 1175 1456 cerebrum.

518 1488 616 1529 481.
666 1499 782 1528 HVMI
814 1497 898 1527 BOS
930 1500 1018 1538 cur,
1057 1499 1148 1527 omn
1178 1486 1225 1526 de
1255 1499 1336 1526 uno
1369 1484 1580 1538 loquatur.
1611 1484 1676 1525 hic
1713 1483 1863 1533 bovem,
1900 1482 2000 1523 alibi
2030 1482 2093 1523 iu-

400 1572 582 1612 vencum,
620 1559 720 1600 alibi
753 1561 918 1600 tamma
948 1558 1156 1612 appellat?
1198 1558 1266 1599 secl
1294 1558 1452 1598 videtur
1475 1570 1555 1610 pro
1588 1559 1758 1609 tempore
1788 1569 1836 1596 ac
1866 1554 2095 1596 diversitate

402 1643 499 1671 usus
531 1630 693 1682 ideoque
729 1630 957 1671 iuvencum·
977 1629 1049 1670 ait.
1105 1632 1162 1670 est
1191 1631 1324 1669 autem
1355 1627 1419 1669 hic
1450 1627 1661 1682 pessimus
1693 1641 1841 1667 versus
1873 1626 1917 1666 in
1949 1639 2092 1666 mono-

403 1700 619 1754 syllabum
652 1701 861 1757 desinens.

520 1772 617 1813 483.
666 1783 910 1814 MELIOREM
943 1772 1174 1826 aptiorem:
1207 1786 1306 1812 nam
1339 1770 1567 1812 animalem
1599 1768 1787 1811 hostiam
1819 1768 1902 1809 dat.

497 1904 517 1935 8
545 1899 804 1946 Terentianus]
832 1913 863 1934 v.
894 1904 983 1934 1010
1010 1913 1044 1945 p.
1072 1904 1138 1934 355
1159 1899 1201 1934 Κ.
1234 1901 1245 1943 ΙΙ
1286 1904 1327 1933 10
1354 1899 1551 1944 Homerus]
1581 1898 1619 1932 Il.
1647 1897 1765 1932 XXIII
1793 1900 1860 1931 695
1891 1896 1903 1940 ΙΙ
1939 1899 1983 1929 22
2010 1905 2094 1928 nam

404 1976 410 1981 .
440 1977 446 1983 .
476 1975 482 1981 .
510 1947 591 1993 dat]
619 1947 664 1982 cf.
690 1948 852 1982 Macrob.
881 1947 954 1982 Sat.
983 1948 1033 1982 III
1060 1952 1092 1991 5,
1118 1952 1137 1981 3

2094 1450 2097 1467 l

403 2066 525 2111 rigore
556 2067 752 2101 uentorum
785 2066 937 2100 duratur
969 2065 1006 2099 in
1038 2065 1133 2099 nube
1167 2076 1209 2099 ac
1242 2063 1423 2107 solidatur
1454 2063 1491 2098 in
1524 2063 1608 2097 niue
1641 2063 1717 2107 (leq.
1745 2061 1882 2103 nivem)
1913 2061 2095 2104 ruptoque

405 2124 488 2148 aere
515 2113 680 2147 soluitur.
726 2114 867 2158 grando
894 2112 1006 2147 simili
1030 2111 1173 2146 ratione
1201 2111 1296 2146 sicut
1319 2111 1382 2145 nix
1408 2111 1635 2156 coagulatur.
1677 2120 1795 2154 aquae
1821 2107 1917 2143 enim
1942 2106 2095 2141 nubium

404 2160 525 2205 rigore
550 2162 743 2195 uentorum
769 2160 808 2194 in
833 2160 993 2205 glaciem
1018 2159 1249 2204 stringuntur
1274 2160 1384 2203 atque
1404 2158 1610 2193 durescunt.
1651 2156 1784 2192 dehinc
1803 2154 1940 2200 glacies
1959 2153 2094 2199 partim

405 2208 541 2252 frigore
567 2207 725 2253 (fragore
747 2209 853 2249 Isid.)
879 2209 1073 2242 uentorum
1099 2206 1325 2241 comminuta
1343 2206 1381 2240 in
1401 2205 1581 2250 fragmine
1608 2203 1805 2249 (fragmina
1826 2203 1933 2245 Isid.)
1958 2200 2095 2246 partim

405 2255 492 2289 solis
518 2266 654 2300 uapore
681 2254 802 2289 soluta
826 2254 1029 2289 frustratim
1051 2253 1250 2297 (frustatim
1265 2254 1372 2296 Isid.)
1399 2253 1446 2288 ad
1464 2254 1601 2287 terram
1621 2251 1815 2286 delabitur.
1853 2249 1951 2294 quod
1971 2250 2094 2283 autem

406 2303 565 2337 rotunda
590 2302 737 2337 uidetur
762 2302 832 2336 hoc
857 2302 943 2337 solis
971 2302 1072 2336 calor
1096 2301 1188 2335 facit
1213 2303 1251 2335 et
1276 2311 1376 2335 more
1402 2299 1582 2335 frenantis
1609 2302 1727 2342 (mora
1748 2296 1966 2333 refrenantis
1987 2296 2119 2338 Isia).

407 2349 500 2384 aeris
527 2350 613 2383 dum
641 2361 704 2393 per
730 2350 881 2394 longum
908 2349 1068 2394 spatium
1095 2360 1117 2383 a
1142 2348 1301 2382 nubibus
1326 2360 1441 2392 usque
1469 2347 1515 2381 ad
1540 2349 1677 2381 terram
1704 2346 1901 2380 decurrunt
1928 2344 1968 2377 T.
2008 2354 2098 2387 quae

406 2398 447 2431 (Ie
472 2398 666 2441 yrandz'm‘s
696 2400 833 2431 natura
865 2397 1028 2440 exposuit
1056 2397 1201 2430 Isidoro
1235 2396 1332 2429 debet
1363 2395 1582 2429 scholiastes:
1627 2392 1774 2429 Grando
1801 2391 1991 2436 appellata
2017 2418 2024 2424 .
2054 2417 2060 2424 .
2089 2418 2095 2424 .

407 2446 588 2488 ruptoque
616 2443 773 2478 soluitur
798 2455 841 2478 em
866 2445 955 2488 orz'y,
982 2443 1068 2477 XIII
1096 2447 1150 2484 10,
1178 2447 1209 2484 5,
1238 2442 1378 2487 grando
1405 2442 1518 2476 simili
1544 2470 1551 2477 .
1581 2468 1587 2474 .
1616 2469 1622 2475 .
1648 2441 1847 2475 decurrunt
1871 2449 1914 2473 επ
1939 2438 2030 2472 libro
2056 2437 2098 2471 de

408 2502 472 2525 rer.
500 2495 576 2525 nat.
602 2491 738 2525 XXXV
758 2492 874 2535 petita
899 2494 993 2525 sunt.
1015 2492 1026 2534 ΙΙ
1058 2496 1073 2524 1
1101 2490 1238 2524 Dareta
1266 2518 1272 2524 .
1295 2518 1301 2524 .
1325 2518 1332 2524 .
1358 2489 1453 2524 unde
1479 2490 1536 2523 est
1561 2499 1626 2523 om.
1655 2488 1702 2522 M
1719 2489 1731 2531 ΙΙ
1760 2491 1778 2521 2
1805 2485 1942 2530 Daren]
1971 2484 2096 2518 darem

408 2538 495 2572 FH
528 2539 614 2573 dare
641 2539 674 2572 L
700 2538 826 2580 (claren
853 2539 877 2582 l)
905 2539 917 2582 1]
948 2537 1136 2582 Chremes]
1166 2537 1330 2571 chremes
1356 2548 1399 2571 ex
1424 2536 1581 2571 chremis
1608 2535 1646 2569 F
1671 2537 1683 2578 ΙΙ
1714 2535 1752 2569 et
1777 2532 1942 2568 Chremis
1968 2542 2032 2566 om.
2059 2530 2099 2565 F

409 2585 604 2620 chremetis
631 2587 679 2619 M
696 2587 707 2630 ΙΙ
727 2587 764 2620 et
790 2596 853 2620 om.
872 2586 919 2619 M
936 2586 986 2628 113
1016 2583 1236 2629 Chremetis]
1265 2583 1453 2619 chremitis
1480 2583 1609 2617 FNH
1645 2586 1817 2616 chremen
1839 2581 1894 2614 M.
1931 2589 2097 2613 cnemem

409 2658 446 2690 et
472 2657 669 2691 cremetem
696 2657 780 2691 add.
801 2656 839 2690 1)
858 2657 869 2700 ΙΙ
890 2660 909 2690 6
937 2668 1033 2689 mxxr
1060 2654 1099 2688 F
1114 2655 1127 2699 ΙΙ
1147 2659 1166 2689 8
1193 2658 1231 2688 et
1255 2654 1481 2689 terentianus
1510 2654 1557 2688 Μ
1564 2667 1574 2687 s
1600 2652 1738 2688 oratius
1765 2651 1852 2686 FN
1874 2652 1936 2695 (al.
1962 2651 2099 2684 terreu-

1245 2721 1282 2738 an

408 2751 530 2785 tianus
558 2752 597 2784 in
616 2761 728 2795 marga.
749 2751 787 2793 n)
827 2748 991 2784 horatius
1018 2750 1067 2782 al.
1093 2748 1291 2782 terrentius
1318 2750 1377 2791 (an
1403 2758 1576 2791 superscr.
1605 2759 1649 2780 m.
1672 2748 1745 2789 pr.)
1767 2745 1801 2780 L
1833 2743 1999 2779 horatius
2024 2743 2068 2777 H
2089 2744 2100 2787 ξ’»

410 2798 554 2843 metris]
594 2797 703 2831 metri
728 2797 804 2830 FL
831 2796 971 2840 (metris
998 2796 1022 2837 l)
1065 2795 1220 2839 pedibus
1256 2795 1496 2829 Terentianus
1532 2796 1543 2838 ΙΙ
1583 2798 1624 2828 10
1650 2793 1848 2838 Homerus]
1887 2792 2037 2826 homero
2063 2789 2102 2824 F

412 2856 556 2879 omerus
584 2845 624 2879 N
646 2846 709 2887 (af.
737 2844 781 2878 de
807 2854 939 2887 graeco
965 2843 1006 2876 in
1032 2854 1142 2885 mary.
1171 2844 1209 2882 n)
1236 2843 1408 2876 humerus
1435 2842 1479 2875 H
1511 2841 1555 2875 de
1581 2851 1689 2885 greco
1718 2841 1765 2874 M
1787 2841 1800 2884 l}
1831 2840 1935 2882 φίλοι
1960 2835 2095 2880 ἑταῖροι

411 2893 464 2926 F:
505 2901 605 2934 quam
635 2903 770 2925 εΤὼιΡῐο
795 2891 837 2924 N
880 2890 1024 2925 filotata
1049 2890 1155 2923 hypio
1182 2889 1215 2922 L
1264 2901 1366 2932 ‹pmol
1394 2901 1533 2932 ΕΤΛιροι
1560 2888 1604 2922 Η
1646 2899 1808 2921 murnum
1840 2886 1887 2919 M
1931 2886 2031 2928 φίλοι
2059 2881 2097 2918 δ’

412 2936 607 2983 ἀμφέσταν
635 2935 774 2980 ἑταῖροι
802 2967 808 2973 .
838 2966 844 2972 .
872 2967 878 2972 .
906 2934 1064 2982 κόμισαν
1091 2936 1207 2975 δέπας
1233 2933 1515 2980 ἀμφικύπελλον
1541 2935 1578 2969 D
1609 2936 1621 2978 ΙΙ
1654 2939 1694 2968 11
1721 2932 1880 2979 partem]
1909 2934 1945 2965 et
1970 2931 2098 2966 adver-

413 2987 511 3020 bium
539 2989 593 3020 est
619 2986 701 3020 add.
717 2985 754 3019 D
773 2987 785 3030 ΙΙ
806 2989 847 3019 12
875 2984 934 3018 uel
959 2995 1026 3019 om.
1042 2984 1086 3017 M
1105 2985 1117 3027 ΙΙ
1138 2987 1179 3017 13
1206 2983 1329 3017 uocati
1354 2983 1446 3017 dixit
1466 2983 1504 3016 F
1520 2984 1532 3026 ΙΙ
1554 2986 1595 3017 16
1616 2994 1651 3016 m
1671 2994 1753 3016 osu
1773 2991 1925 3015 CEREBRO
1951 2989 2016 3013 om.
2032 2977 2072 3012 F
2088 2988 2097 3021 ll

412 3033 627 3078 hypallage]
656 3032 749 3066 amic
777 3032 867 3066 socii
893 3032 976 3066 add.
993 3031 1038 3066 F.
1077 3031 1122 3073 cf.
1144 3032 1192 3065 ad
1210 3041 1240 3064 v.
1263 3034 1330 3065 468
1350 3031 1361 3074 ΙΙ
1381 3029 1492 3075 fregit
1512 3029 1550 3063 F
1566 3030 1578 3073 ΙΙ
1599 3033 1640 3063 17
1667 3027 1787 3063 inlicit
1805 3027 1843 3060 F
1859 3027 1871 3071 ΙΙ
1889 3026 1927 3059 in
1952 3036 2017 3060 om.
2033 3024 2073 3059 F
2088 3028 2090 3043 ¹

413 3084 456 3113 20
485 3079 776 3123 monosyllabum
802 3079 844 3112 N
871 3078 1149 3121 monosylabum
1177 3077 1228 3111 L:
1254 3076 1509 3121 monosyllaba
1528 3076 1567 3110 F
1596 3074 1880 3119 molosyllabam
1900 3072 1944 3106 H
1973 3082 2097 3107 mona-

413 3127 591 3172 syllabam
612 3138 654 3161 ex
674 3125 967 3169 monosyllabam
990 3126 1037 3160 M
1053 3126 1066 3169 ΙΙ
1085 3129 1127 3159 22
1149 3124 1364 3169 animalem]
1390 3124 1514 3159 anima
1533 3123 1572 3158 F
1605 3121 1801 3157 aminalem
1822 3121 1861 3155 A*
1879 3122 1890 3165 l]
1910 3119 2043 3155 ostiam
2061 3118 2101 3153 F
