2204 3437
386 154 603 190 LXXXVIII
1085 148 1371 184 PRAEFATIO.

389 263 719 306 commentarius
751 262 794 302 in
828 260 1029 314 georgica
1062 258 1305 300 continetur
1337 267 1509 298 INCIPIT
1535 264 1675 294 LIBER
1706 262 1874 293 PRIMVS
1906 262 2078 292 EXPLA-

386 347 628 378 NATIONVM
661 342 926 374 (IEORGICON
971 329 1170 383 Vir-eilias
1201 329 1246 369 in
1277 326 1460 380 operibus
1490 324 1577 366 suis
1614 323 1793 365 diuersos
1830 325 1986 364 secutus
2021 325 2079 364 est

382 410 536 462 poetas.
596 406 803 447 homerum
846 403 892 443 in
929 401 1101 442 aeneade
1137 413 1253 452 quem
1298 399 1385 439 lieet
1427 397 1542 449 lonyo
1580 394 1796 436 interuallo
1832 396 1987 434 secutus
2023 396 2080 435 est

390 481 523 519 tamen
556 511 563 518 .
598 510 605 518 .
639 510 646 518 .
678 476 924 528 scriptarum
961 485 1097 513 rerum
1135 473 1338 512 exsecutus
1374 471 1430 509 est
1461 466 1634 507 mulum.
1690 475 1907 506 EXPLICIT
1940 475 2078 506 LIBER

390 560 600 600 QVARTVS
623 581 629 588 .
652 557 824 588 INCIPIT
857 555 997 585 LIBER
1028 553 1192 584 PRIMVS
1225 550 1468 582 AENEIDOS.
1530 537 1586 577 In
1622 535 1866 590 exponendis
1902 536 2078 576 auetori-

390 621 461 662 bus
492 619 586 660 haee
617 616 910 660 consideranda
940 617 1038 656 sunt
1068 647 1076 654 .
1104 647 1111 653 .
1139 645 1146 653 .
1179 612 1251 653 fol.
1286 608 1389 651 164¹)
1421 612 1596 650 naturae
1627 607 1706 660 Zeyc
1732 608 1893 659 poterat
1921 606 1980 647 sie
2009 605 2077 647 ho-

390 704 524 732 merus
562 700 779 730 EXPLICIT
818 696 1064 728 EXPOSITIO
1104 695 1255 725 SERVII
1301 690 1590 722 GRAMMATICI
1634 690 1682 719 IN
1720 687 1983 719 BVCOLICON
2020 689 2078 718 ET

390 772 540 803 LIBRIS
574 770 842 801 GEORGICON
875 768 1027 806 ATQVE
1060 765 1327 796 AENEADVM.
1382 752 1454 793 fol.
1484 750 1586 792 165ἃ
1616 748 1829 803 praefatio
1862 746 2077 788 Aeneidos

391 833 547 874 iterum
581 831 740 884 scripta
772 832 854 882 est3
889 830 1079 870 extrema
1112 825 1268 867 codicis
1295 823 1425 864 verba
1450 822 1522 864 snb
1553 834 1671 863 sensu
1702 821 1748 860 in
1778 819 1965 860 bucolicis
1990 832 2078 859 eon-

390 904 585 956 strinyerc
615 915 716 955 <letae
749 914 822 955 per
858 899 1066 952 izmiperos
1102 897 1194 938 uult
1227 896 1401 948 βψω-αἵθ
1431 893 1607 945 intelleyi
1645 891 1696 932 ad
1734 891 1826 931 buc.
1859 888 1898 929 X
1932 889 1985 930 76
2018 903 2081 943 sq.

391 974 619 1028 pertinent.
676 972 728 1013 cf.
767 971 896 1012 schol.
928 968 1053 1010 Bern.
1096 967 1147 1009 ad
1185 967 1277 1007 buc.
1315 965 1353 1005 X
1389 964 1442 1006 75
1469 979 1528 1018 sq.
1586 963 1792 1004 debentur
1829 960 1935 1001 haec
1974 973 2080 1014 quae

392 1045 441 1086 de
475 1044 617 1086 codice
638 1043 725 1084 dixi
745 1039 1007 1082 Francisci
1035 1038 1105 1080 Ru
1117 1037 1242 1079 ehlii
1274 1035 1525 1077 liberalitati
1552 1034 1623 1088 qui
1652 1048 1676 1074 a
1703 1031 1921 1073 Friderico
1953 1030 2081 1073 Scho-

393 1116 451 1157 lio
484 1116 662 1169 rogatus
696 1112 882 1154 codicem
917 1124 1025 1151 anno
1063 1108 1174 1150 1875
1208 1107 1404 1161 inspexit.

510 1185 777 1227 Parisinus
813 1182 924 1223 7959
965 1180 1124 1222 saeculi
1155 1178 1258 1220 noni
1295 1178 1364 1219 vel
1407 1176 1594 1218 ineuntis
1635 1175 1804 1228 decimi,
1843 1174 1947 1215 olim
1986 1172 2082 1215 Col-

394 1258 606 1310 bertinus,
638 1257 681 1297 in
714 1254 799 1296 252
832 1251 1092 1294 membranis
1130 1250 1292 1291 formae
1326 1248 1557 1303 quadratae
1593 1244 1730 1287 Servii
1756 1244 2085 1286 commentarios

393 1328 438 1369 in
476 1327 673 1368 bucolica
712 1323 914 1379 georgica
952 1321 1186 1363 Aeneidem
1224 1319 1427 1360 continet.
1489 1316 1696 1371 inscripta
1730 1318 1829 1357 sunt
1866 1315 1977 1356 libro
2010 1300 2084 1357 fffs

393 1410 565 1440 INCIPIT
598 1406 846 1437 EXPOSITIO
881 1405 1028 1435 SERVII
1051 1381 1306 1433 GRAEIATICI
1327 1401 1375 1430 IN
1396 1399 1680 1442 BOCOLICON,
1712 1386 1955 1440 subscripta
1975 1397 2086 1428 COM-

395 1479 731 1510 MENTARIORVM
764 1476 915 1507 SERVII
950 1472 1237 1504 GRAMMATICI
1271 1473 1317 1501 IN
1338 1470 1570 1501 AENEIDOS
1596 1469 1794 1499 VIRGILII
1814 1469 1954 1498 LIBER
1974 1468 2087 1499 DVO—

394 1550 593 1581 DECIMVS
626 1546 900 1578 EXPLICITVS
933 1545 1180 1575 FELICITER
1211 1544 1381 1573 VTENTI
1419 1542 1520 1571 PAX,
1578 1544 1627 1570 ex
1660 1527 2087 1583 singulorum‘libro-

395 1625 488 1651 rum
520 1608 660 1650 ti'tulis
694 1607 878 1661 exempli
911 1620 1039 1647 causa
1063 1604 1143 1645 hos
1165 1616 1452 1645 commemoro
1487 1600 1559 1655 qui
1592 1602 1690 1640 sunt
1715 1599 1819 1640 noni
1852 1602 1892 1640 et
1923 1599 2088 1653 decimi,

395 1680 479 1734 ipsi
512 1694 677 1734 quoque
710 1676 959 1719 maiusculis
991 1675 1150 1716 fitteris
1185 1673 1332 1728 scripti
1367 1671 1759 1714 Commeemo-ionem
1789 1669 1922 1711 Servii
1948 1683 2087 1723 yram-

395 1751 534 1792 manci
568 1751 611 1791 in
642 1749 843 1791 Aeneidos
881 1747 978 1789 liber
1009 1749 1176 1787 octauus
1212 1746 1308 1798 finit
1343 1744 1487 1796 incipit
1517 1743 1691 1784 eiusdem
1728 1755 1860 1782 nonus
1898 1743 1940 1781 et
1972 1738 2088 1782 Com-

395 1822 686 1863 mentariorum
729 1820 861 1861 Servii
896 1817 1160 1872 yrczmmate'ci
1200 1817 1244 1857 in
1274 1815 1468 1856 Aeneidis
1498 1813 1658 1866 moyam·
1698 1812 1796 1854 liber
1834 1825 1967 1853 nonus
1996 1812 2092 1864 finit

397 1894 544 1946 incipit
587 1892 684 1932 liber
728 1890 912 1931 decimus.
976 1888 1104 1929 codex
1149 1887 1238 1927 eius
1273 1885 1440 1941 generis
1487 1886 1569 1938 est,
1612 1883 1730 1925 cuius
1775 1882 2086 1924 Laurentianus

398 1963 519 2019 (bibl.
553 1964 686 2003 sanct.
720 1975 826 2002 cruc.
859 1960 964 2013 plut.
998 1958 1138 2011 XXII,
1175 1956 1216 2013 1)
1256 1960 1298 1998 et
1329 1954 1672 2010 Hamburgensis
1706 1957 1749 1995 et
1781 1953 1943 1994 similes
1977 1955 2087 1994 sunt.

398 2034 561 2076 contuli
595 2048 691 2075 cum
718 2047 766 2073 eo
793 2030 1091 2072 bucolicorum
1130 2030 1172 2070 et
1209 2028 1507 2083 georgicorum
1545 2025 1899 2067 commentarium
1938 2026 2089 2066 totum.

398 2120 493 2147 cum
526 2103 728 2146 Aeneidis
768 2101 1067 2143 commentarii
1111 2101 1269 2141 librum
1306 2098 1491 2153 primum
1533 2097 1720 2138 conferre
1760 2096 1995 2150 coepissem
2034 2093 2090 2150 (v.

404 2176 583 2229 1—4o)‚
616 2174 801 2215 codicem
833 2176 880 2214 ut
910 2172 1142 2213 levioribus
1175 2170 1262 2211 illis
1289 2169 1563 2211 librariorum
1584 2167 1798 2208 erroribus
1831 2166 1984 2221 quibus
2012 2167 2088 2208 cri—

399 2247 474 2288 tici
508 2245 805 2287 commentarii
838 2244 1019 2285 moleste
1053 2244 1282 2283 onerantur
1314 2240 1453 2295 magis
1481 2254 1607 2293 quam
1642 2238 1750 2279 alios
1783 2238 1901 2279 illius
1935 2236 2088 2279 aetatis

399 2317 534 2358 libros
567 2329 709 2357 carere
743 2315 847 2367 vidi,
880 2314 941 2355 ita
974 2315 1143 2367 praeter
1181 2326 1339 2366 paucas
1374 2326 1478 2366 quas
1510 2310 1554 2350 in
1585 2309 1854 2364 praefatIOne
1886 2308 2088 2350 Aeneidis

400 2387 572 2429 exhibui
606 2387 838 2440 scripturas
864 2384 973 2425 nihil
993 2383 1273 2425 memorabile
1293 2382 1498 2436 praebere
1525 2380 1678 2422 inveni.
1733 2382 1825 2421 tum
1858 2380 1955 2420 aliis
1982 2379 2087 2421 locis

401 2473 495 2500 eum
528 2458 706 2512 inspexi.
764 2459 890 2510 atque
924 2456 967 2496 in
1000 2457 1151 2509 quarto
1185 2457 1228 2495 ct
1260 2454 1409 2508 quinto
1442 2452 1552 2493 libro
1581 2466 1676 2493 cum
1695 2450 1984 2492 Laurentiano
2011 2450 2088 2491 illo

402 2545 496 2571 eum
530 2529 582 2569 ad
621 2528 811 2568 lItteram
849 2526 936 2567 fere
977 2525 1234 2577 consentire,
1274 2524 1372 2565 inde
1414 2538 1438 2564 a
1476 2525 1595 2564 sexto
1634 2521 1746 2563 libro
1778 2521 2009 2576 Reginensi
2048 2522 2091 2561 et

401 2599 613 2654 Lipsiensi
648 2598 914 2639 simillimum
949 2611 1039 2637 esse
1073 2596 1267 2651 cognovi.
1337 2609 1465 2648 quare
1499 2593 1625 2635 omisi
1658 2593 1813 2634 codicis
1846 2591 2090 2633 conferendi

400 2671 610 2722 laborem,
643 2669 704 2710 ita
735 2671 881 2709 tamen
912 2670 959 2708 ut
992 2681 1087 2707 eum
1107 2666 1401 2720 redintegrare
1422 2665 1727 2706 constituerem
1758 2663 1842 2704 nisi
1875 2662 1920 2703 in
1950 2662 2091 2716 patria

403 2741 592 2782 eiusdem
625 2739 786 2781 ordinis
808 2741 934 2792 atque
956 2737 1180 2791 dignitatis
1213 2736 1348 2777 libros
1380 2736 1645 2789 reperissem.
1701 2749 1829 2788 quam
1862 2748 1980 2788 spem
2006 2747 2091 2774 non

403 2812 454 2854 ad
485 2812 657 2853 irrItum
691 2809 891 2850 cecidisse
930 2808 1203 2849 vehementer
1236 2808 1381 2847 laetor.
1437 2806 1543 2847 haec
1573 2805 1786 2847 narranda
1818 2819 1909 2846 esse
1941 2804 2091 2858 putavi

404 2883 503 2937 quia
535 2896 640 2922 mus.
673 2880 807 2921 Rhen.
840 2878 943 2919 XIV
975 2894 1014 2932 p.
1047 2879 1149 2931 5345,
1182 2892 1262 2931 quo
1296 2878 1390 2918 loco
1425 2877 1475 2918 de
1514 2876 1703 2930 vulgatis
1741 2875 1862 2917 libris
1901 2874 2092 2927 disserui,

405 2953 457 2994 ad
501 2950 840 2993 emendandos
875 2947 1009 2990 Servii
1052 2948 1379 3001 commentarios
1424 2948 1536 2989 hunc
1576 2947 1818 2988 Par-isinum
1859 2945 1904 2986 in
1943 2944 2091 2998 primis

404 3023 553 3064 utilem
587 3037 678 3063 esse
710 3036 860 3076 parum
895 3022 992 3074 apte
1025 3019 1129 3060 dixi:
1168 3019 1370 3059 nimirum
1403 3018 1639 3072 scripturae
1671 3017 1789 3057 illam
1821 3015 2089 3070 diligentiam

406 3108 487 3147 qua
521 3108 615 3133 eum
648 3092 859 3145 insignem
899 3105 990 3132 esse
1027 3104 1114 3132 non
1149 3103 1259 3144 nego
1298 3089 1478 3130 nimium
1518 3087 1770 3130 admirabar.
1825 3085 1930 3127 illud
1961 3099 2092 3126 unum
