2204 3437
340 942 380 972 10

338 1651 382 1681 20

340 2008 383 2038 25

407 185 492 227 572
1171 183 1330 220 SERVII

406 295 623 336 Ascanius.
774 311 971 336 arsami!
1005 311 1198 336 mmmm?
1242 294 1347 334 sicut
1393 294 1544 335 dictum
1592 297 1669 346 est,
1718 292 1768 335 ab
1817 292 2017 336 Euandro
2066 294 2103 335 et

410 366 564 407 Tuscis.

524 437 620 478 617.
671 448 866 478 mmGNA
900 447 1082 478 SVORVM
1114 448 1296 477 FVNERA
1329 439 1401 476 aut
1430 436 1711 489 indiynorum,
1748 438 1822 476 aut
1857 435 2035 476 crudelia
2066 438 2104 476 et

405 521 568 561 mamm,
598 507 702 549 sicut
732 510 875 549 veteres
907 507 1111 549 dicebant:
1150 505 1358 548 ‘suorum'
1397 510 1532 548 autem
1570 505 1780 547 Pallantis
1819 505 1921 548 dicit
1959 508 2002 548 et
2039 520 2101 548 ce-

407 581 606 620 terorum.

525 650 621 691 618.
672 661 798 692 PACIS
832 660 1019 699 INIQVAE
1051 652 1099 690 ut
1132 663 1259 703 supra
1292 648 1341 702 <I
1375 648 1427 702 6>
1461 647 1659 700 diximus,
1691 650 1866 701 propter
1893 648 2103 702 perditam

406 721 612 773 linguam,
643 719 853 775 habitum,
885 735 1050 773 nomen,
1083 735 1190 774 quae
1224 720 1333 761 solet
1364 720 1502 761 victor
1533 719 1754 773 inponere,
1788 719 1899 760 sicut
1929 720 1976 760 in
2006 718 2102 760 XII.

407 791 549 845 <823>
582 792 774 846 postulat
806 792 925 833 Iuno.

526 862 620 905 620.
672 875 758 904 SED
792 874 944 904 CADAT
983 874 1102 903 ANTE
1140 874 1257 902 DIEM
1297 860 1404 902 Cato
1445 861 1549 902 dicit
1593 861 1714 902 iuxta
1756 861 2103 902 Laurolavinium

408 949 501 976 cum
541 934 710 977 Aeneae
749 934 852 976 socii
891 934 1068 988 praedas
1108 936 1303 988 agerent,
1348 932 1560 986 proelium
1599 932 1893 986 commissum,
1936 932 1981 973 in
2020 947 2102 987 quo

407 1005 588 1047 Latinus
631 1006 794 1047 occisus
837 1008 918 1058 est,
957 1005 1070 1060 fugit
1109 1005 1294 1046 Turnus:
1341 1006 1382 1044 et
1421 1002 1621 1045 Mezentii
1665 1003 1825 1044 auxilio
1869 1005 2103 1058 conparato

406 1078 615 1118 renovavit
649 1078 863 1129 proelium,
908 1090 984 1129 quo
1028 1076 1165 1117 victus
1211 1075 1380 1130 quidem
1427 1077 1492 1116 est
1537 1075 1589 1115 ab
1635 1074 1798 1131 Aenea,
1842 1075 1915 1129 qui
1957 1078 2104 1116 tamen

409 1147 614 1199 [Aeneas]
642 1147 687 1188 in
707 1148 799 1202 ipso
827 1148 991 1202 proelio
1018 1162 1103 1188 non
1130 1145 1366 1201 conparuit.
1418 1145 1627 1187 Ascanius
1653 1159 1743 1187 vero
1770 1148 1920 1200 postea
1939 1145 2103 1186 Mezen·

408 1219 516 1260 tium
556 1218 785 1260 interemit.
847 1218 919 1259 alii
965 1219 1111 1260 dicunt
1156 1218 1266 1272 quod
1311 1218 1449 1259 victor
1495 1217 1660 1258 Aeneas
1707 1231 1801 1258 cum
1846 1216 2105 1258 sacrificaret

409 1305 535 1344 super
565 1288 796 1331 Numicum
828 1289 1004 1330 fiuvium
1037 1289 1183 1343 lapsus
1222 1291 1304 1342 est,
1343 1290 1385 1329 et
1423 1288 1512 1329 eius
1552 1302 1628 1329 nec
1666 1287 1846 1329 cadaver
1883 1287 2104 1328 inventum

409 1364 490 1402 est:
532 1361 640 1402 unde
680 1361 784 1402 dicit
827 1359 1072 1414 ‘mediaque
1117 1359 1365 1400 inhumatus
1409 1357 1605 1400 harena'.
1666 1360 1817 1412 postea
1861 1357 1998 1399 dictus
2042 1360 2106 1399 est

406 1432 517 1474 inter
549 1432 648 1474 deos
682 1434 889 1486 receptus.
949 1432 1116 1484 quidam
1148 1444 1238 1471 cum
1269 1445 1359 1471 cum
1388 1430 1601 1471 adversum
1628 1429 1869 1482 Aboriyincs
1887 1432 2104 1483 puynaret,

407 1504 727 1557 †ecctar²9uir2cm
758 1503 898 1544 dicunt
928 1506 1138 1556 repertum.
1202 1501 1315 1542 eante
1343 1499 1469 1542 diem’
1505 1502 1661 1554 autem,
1694 1502 1791 1541 ante
1818 1499 1897 1541 fati
1923 1500 2103 1541 necessi-

407 1577 558 1615 tatem:
600 1577 642 1615 et
680 1574 786 1615 bene
819 1573 930 1628 quod
962 1588 1141 1628 passura
1174 1576 1238 1614 est
1270 1575 1393 1626 optat
1426 1573 1613 1626 Aeneae,
1652 1574 1699 1613 ut
1730 1572 1814 1625 ipsc
1844 1571 1986 1624 <697>
2021 1571 2104 1612 sed

409 1645 595 1686 misera
627 1647 741 1686 ante
774 1644 915 1686 diem.
1036 1661 1158 1686 MEDIA
1191 1645 1340 1697 iynota.

527 1716 622 1757 621.
673 1733 776 1758 HAEC
801 1733 941 1758 PRECOR
971 1716 1016 1757 id
1045 1719 1102 1756 est
1131 1716 1234 1757 sicut
1263 1728 1391 1768 supra
1422 1714 1573 1755 dictum
1604 1717 1671 1767 est,
1702 1714 1901 1767 inprecor.
2011 1725 2104 1756 CVM

411 1798 644 1829 SANGVINE
679 1799 835 1829 FVNDO
870 1788 993 1842 quasi
1032 1787 1344 1841 inprecationes
1383 1786 1498 1840 ipsas
1539 1801 1614 1827 suo
1648 1789 1914 1827 consecraret
1946 1800 2105 1827 cruore.

528 1858 623 1899 622.
675 1870 769 1899 TVM
802 1869 888 1900 VOS
922 1870 950 1900 o
989 1870 1112 1899 TYRH
1149 1873 1235 1899 non
1275 1860 1374 1898 sunt
1414 1857 1632 1911 mandata,
1671 1857 1742 1898 sed
1780 1857 2106 1912 inprecationes,

409 1932 458 1970 ut
490 1929 747 1970 dissentiant
785 1929 982 1971 omnibus
1021 1929 1168 1980 rebus,
1211 1928 1319 1970 sicut
1361 1930 1402 1969 et
1440 1927 1600 1969 factum
1640 1930 1716 1968 est.
1777 1943 1876 1969 nam
1915 1928 1950 1969 si
1989 1943 2105 1969 man-

411 2000 512 2041 data
546 2003 664 2054 sunt,
697 1999 909 2054 quomodo
944 1999 1101 2054 ‘genus
1134 1997 1378 2040 futurum’?

531 2072 627 2112 623.
680 2082 922 2112 EXERCETE
954 2070 997 2110 id
1029 2073 1094 2111 est
1126 2069 1321 2124 fatigate.

505 2191 524 2222 9
552 2188 657 2233 Cato]
685 2198 735 2222 or.
763 2187 779 2221 Ι
807 2191 846 2221 11
876 2187 988 2229 Iord.‚
1019 2191 1060 2221 10
1086 2186 1162 2221 Pet.

509 2299 524 2328 1
555 2295 602 2329 ad
629 2293 805 2328 auxilium
832 2293 854 2328 i.
881 2305 980 2338 supr.
1007 2304 1093 2327 vers.
1121 2292 1216 2327 sicut
1240 2292 1330 2327 fecit
1355 2292 1401 2326 ab
1429 2292 1591 2327 euandro
1617 2294 1654 2327 et
1679 2291 1793 2326 tuscis
1823 2292 1863 2328 T.
1901 2292 1984 2334 fort.
2012 2292 2106 2327 sicut

411 2341 549 2376 factum
583 2343 656 2383 est,
689 2341 734 2375 ab
762 2341 935 2375 Euandro
968 2342 1006 2375 et
1030 2340 1157 2374 Tuscis
1189 2342 1200 2384 ΙΙ
1237 2344 1257 2374 3
1285 2340 1333 2374 ad
1357 2339 1511 2384 indigna
1535 2351 1634 2384 supr.
1661 2350 1746 2374 vers.
1774 2342 1839 2374 aut
1870 2339 2106 2384 indignorum

492 2389 682 2430 dicebant,
711 2390 747 2422 in
767 2400 880 2433 mary.
908 2389 952 2422 ab
979 2389 1056 2422 alia
1080 2399 1192 2421 marm
1217 2387 1370 2431 indigna
1394 2387 1455 2421 uel
1481 2386 1645 2421 crudelia
1671 2388 1708 2421 et
1733 2398 1868 2432 magna
1892 2387 1953 2421 uel
1978 2397 2107 2421 reuera

412 2436 565 2480 indigna
595 2435 626 2468 T
659 2438 670 2480 ΙΙ
708 2440 729 2469 4
755 2435 979 2481 ceterorum]
1014 2435 1195 2470 sociorum
1229 2435 1380 2469 additur
1405 2434 1511 2478 vulyo
1548 2436 1559 2477 ΙΙ
1597 2438 1615 2468 7
1646 2445 1779 2468 nomen
1805 2445 1848 2468 eoe
1874 2445 2008 2468 numen
2034 2433 2074 2468 F
2095 2434 2107 2479 Η

412 2486 432 2516 8
460 2494 572 2517 neom
598 2495 667 2517 AVT
695 2494 828 2517 orum
855 2496 941 2517 chn
968 2494 1126 2517 rnvATvss
1152 2481 1268 2515 tribus
1294 2482 1438 2515 tantum
1465 2481 1570 2515 annis
1595 2481 1767 2525 regnauit
1796 2480 1833 2515 in
1866 2481 1977 2516 tertio
2010 2492 2106 2516 anno

413 2530 620 2564 submersus
654 2531 690 2564 in
722 2530 833 2564 fluvio
860 2530 1036 2565 Numico:
1083 2529 1265 2563 Iuvenalis
1299 2531 1369 2572 (11,
1398 2533 1455 2569 63)
1485 2528 1602 2562 ‘alter
1629 2529 1733 2571 aquis
1759 2528 1853 2563 alter
1877 2528 2033 2562 flammis
2059 2528 2106 2562 ad

412 2577 533 2612 sidera
553 2577 714 2621 missus⁷,
742 2578 937 2622 designans
952 2579 1114 2612 Aeneam
1135 2577 1374 2618 submersum,
1395 2575 1592 2610 Herculem
1613 2576 1855 2610 combustum.
1878 2575 2077 2610 Fabricius
2095 2576 2108 2621 11

412 2629 455 2659 10
476 2624 581 2670 socii]
609 2625 701 2659 socri
723 2624 762 2658 F
778 2626 789 2668 Η
809 2625 962 2668 praedes
983 2625 1070 2658 NH
1095 2623 1265 2668 (praedas
1286 2625 1323 2667 oz)
1343 2624 1354 2667 ΙΙ
1377 2627 1417 2657 12
1439 2623 1525 2668 quo]
1554 2623 1616 2666 qui
1642 2623 1779 2657 Daniel
1793 2623 1938 2666 primus
1956 2623 1968 2667 Η
1987 2621 2107 2657 victus

411 2672 560 2715 quidem
586 2672 659 2717 est]
693 2672 769 2716 ipse
802 2671 951 2715 quidem
978 2672 1096 2706 uictus
1125 2672 1181 2706 est
1206 2670 1245 2704 F
1272 2671 1284 2714 ΙΙ
1323 2670 1385 2714 qui
1411 2671 1535 2705 tamen
1561 2669 1720 2715 Aeneas]
1751 2681 1882 2704 aeneas
1909 2671 2031 2704 autem
2059 2669 2106 2704 F.

411 2720 554 2753 Aeneas
579 2730 644 2754 om.
675 2720 718 2753 M
745 2720 756 2763 ΙΙ
794 2723 833 2753 13
862 2718 1086 2753 11162ι·116111111
1114 2718 1146 2752 L
1170 2719 1182 2762 ss
1216 2722 1257 2751 14
1285 2718 1381 2761 quod
1408 2728 1473 2752 om.
1500 2717 1540 2751 F
1561 2718 1572 2762 ΙΙ
1606 2721 1649 2750 15
1676 2719 1713 2751 61
1739 2716 1815 2751 eius
1839 2728 1908 2751 1160
1935 2716 2105 2761 cadaver]

411 2777 478 2800 nec
505 2766 581 2800 eius
608 2766 767 2800 cadauer
792 2767 833 2800 in
852 2778 924 2801 ras.
946 2767 988 2811 ΖΗ
1008 2766 1100 2811 eius]
1130 2768 1185 2799 est
1212 2765 1250 2798 F
1266 2767 1277 2809 ΙΙ
1296 2765 1485 2799 inventum
1514 2764 1585 2810 est]
1613 2763 1760 2808 aparuit
1779 2764 1818 2798 F
1834 2765 1845 2809 ΙΙ
1869 2769 1909 2799 16
1935 2764 2019 2798 inde
2041 2763 2081 2797 F
2097 2766 2105 2808 J}

411 2824 521 2847 arena
542 2813 626 2847 LH
641 2814 652 2857 ΙΙ
672 2813 810 2847 dictum
832 2813 929 2847 FM
946 2814 958 2858 ΙΙ
980 2818 1020 2848 17
1042 2813 1146 2847 diuos
1168 2812 1213 2845 M
1232 2813 1244 2856 Η
1263 2812 1447 2857 receptus]
1476 2822 1585 2855 quem
1605 2811 1728 2846 Iovem
1755 2810 1958 2855 indigetem
1984 2810 2106 2845 dixere

411 2861 492 2894 add.
511 2860 546 2894 D
565 2861 577 2904 ΙΙ
596 2861 787 2905 aborigine
810 2860 849 2894 F
864 2862 876 2904 ΙΙ
898 2865 938 2895 18
962 2860 1225 2904 exsanguincm
1246 2859 1382 2893 Daniel
1416 2859 1616 2893 extinctum
1644 2858 1676 2892 d.
1702 2869 1769 2892 nec
1794 2870 1821 2891 r.
1848 2858 1894 2893 F.
1911 2858 2107 2892 Schoellius

412 2918 633 2951 exsanguem
661 2919 721 2952 eqo
762 2909 773 2951 ΙΙ
811 2912 854 2942 20
881 2908 967 2942 ante
993 2907 1107 2952 1116111]
1142 2906 1314 2950 Epicurei
1339 2906 1513 2941 dicebant
1539 2905 1662 2940 omnia
1687 2904 1766 2939 fieri
1791 2916 1892 2949 casu,
1924 2905 2019 2939 unde
2044 2904 2106 2939 hic

412 2956 541 2989 auctor
566 2954 657 2988 dicit
681 2954 879 2989 secundum
907 2954 1105 2999 Epicurum
1135 2953 1219 2987 ‘sed
1247 2953 1357 2988 cadat
1381 2955 1466 2988 ante
1493 2952 1627 2987 diem’.
1679 2951 1794 2987 Stoici
1820 2963 1907 2987 vero
1933 2951 2107 2986 dicebant

412 3001 535 3035 omnia
560 3002 637 3036 fieri
664 3002 905 3046 dispositione
935 3002 1110 3045 fatorum,
1143 3000 1240 3035 unde
1273 3000 1438 3044 loquitur
1464 3000 1554 3034 alibi
1581 3000 1627 3043 (X
1653 3000 1735 3043 467)
1766 2999 1857 3033 ‘stat
1883 3010 1948 3033 sua
1974 2998 2105 3043 cuique

412 3048 516 3083 dies'.
559 3050 642 3084 add.
671 3048 869 3083 Fabricius
887 3050 899 3094 11
918 3053 960 3083 21
989 3050 1037 3083 ad
1062 3049 1151 3083 haec
1180 3059 1309 3093 precor
1334 3059 1434 3091 supr.
1455 3058 1541 3082 vers.
1570 3047 1665 3082 sicut
1691 3075 1697 3082 .
1721 3074 1728 3081 .
1750 3075 1757 3082 .
1784 3045 1954 3090 inprecor
1983 3045 2015 3079 Τ
2029 3047 2041 3090 ΙΙ
2060 3049 2103 3080 22

412 3095 494 3139 ipsa
520 3097 558 3130 in
584 3107 654 3130 ras.
683 3097 710 3137 l,
741 3096 892 3138 fortasse
919 3098 1036 3140 recten
1061 3100 1104 3130 23
1132 3095 1440 3140 inpredicationes
1466 3095 1499 3128 L
1517 3096 1529 3138 ΙΙ
1555 3098 1598 3129 26
1627 3094 1675 3128 acl
1700 3094 1865 3128 exercete
1890 3104 1989 3137 supr.
2016 3103 2103 3127 verS.

411 3141 643 3185 insequimini
670 3143 825 3187 fatigate
856 3143 888 3177 T
