2204 3437
377 911 420 942 10

378 1266 420 1296 15

379 1619 422 1649 ²20

381 1973 425 2002 25

440 159 526 200 212
1207 156 1368 191 SERVII

440 267 571 308 eavit
600 267 771 309 ostendit
795 267 913 308 illam
937 266 1082 319 reflati,
1113 279 1197 306 non
1222 263 1463 307 sacerdotati
1489 263 1569 304 loco
1595 261 1851 303 discubuisse.
1902 263 1945 302 et
1970 259 2138 302 Aeneas

441 337 599 391 ubique
639 337 761 392 quasi
801 339 993 378 sacratus
1035 335 1261 376 inducitur.
1324 333 1462 375 dietus
1502 334 1645 373 autem
1678 347 1702 373 a
1733 331 1863 372 tortis
1902 330 2047 372 herbis
2080 331 2145 370 est

441 410 575 448 torus.
625 410 661 448 et
683 408 841 449 videtur
865 406 930 448 liic
954 406 1170 448 ostendisse
1195 404 1242 457 <I
1264 404 1376 457 639)
1409 406 1636 455 ostroque
1665 402 1869 455 superbo
1901 404 1937 442 et
1961 400 2009 454 <I
2030 400 2143 454 697>

441 478 635 519 aulaeis
675 478 773 519 iani
809 490 856 518 se
892 477 1064 529 regrina
1093 474 1338 528 superbis,
1376 476 1422 514 nt
1451 473 1593 515 aulam
1624 473 1882 526 siqnificaret.
1946 470 2011 511 eab
2043 468 2140 512 alto'

444 562 535 590 vcro
558 562 638 602 pro
668 547 731 589 ‘ea'
755 546 878 597 alto',·
910 547 1085 588 mutavit
1100 546 1454 600 praepositionem.
1557 561 1679 586 PATER
1705 559 1857 585 AENEAS
1883 542 2049 583 lionoris
2073 540 2145 582 hoc

443 633 589 661 nomen
620 623 687 661 cst.
799 636 917 662 ozzsrs
933 621 1100 672 propter
1126 619 1288 672 Zonyam
1313 617 1606 658 narrationem.
1655 617 1691 656 ct
1717 612 1862 655 ‘orsas'
1888 613 1953 654 liic
1979 610 2145 665 ‘eoepit’,

443 690 545 731 alibi
577 688 712 743 ‘finit',
744 693 791 731 at
820 688 930 742 <XII
957 689 1069 743 806)
1100 690 1169 730 sio
1199 688 1430 741 Iuppiter
1460 699 1611 728 orsas.

561 760 599 802 3.
650 772 896 802 INFANDVM
943 760 1043 814 quia
1080 759 1173 800 viro
1211 758 1315 799 forti
1358 758 1520 799 vietum
1559 770 1604 798 se
1643 755 1781 796 dicere
1821 757 1863 799 et
1906 753 2064 795 doloris
2105 754 2147 793 et

445 831 619 886 pudoris
653 833 729 872 est.
849 841 982 872 IVBES
1015 830 1099 883 vis,
1130 830 1178 870 ut
1210 829 1358 869 iubeo
1392 826 1732 869 Chremetem:
1772 839 1874 865 nam
1906 824 2032 865 aliter
2064 823 2146 865 hoo

446 901 623 943 verbum
654 901 824 943 Aeneae
856 915 1041 955 persona
1072 914 1158 941 non
1189 898 1355 952 recipit.
1475 913 1682 939 RENOVARE
1708 899 1896 947 retexere,
1927 896 2086 936 iterare.

563 973 602 1013 4.
652 982 880 1014 TROIANAS
920 983 978 1012 VT
1017 981 1131 1012 OPES
1171 970 1230 1011 sic
1262 968 1468 1010 Horatius
1508 969 1594 1008 aut
1631 967 1848 1021 pingues
1887 965 2145 1020 Phrygiae

445 1043 751 1098 Mygdonias
791 1031 920 1097 opes.
985 1040 1071 1083 ‘ut'
1109 1044 1243 1082 antem
1280 1053 1396 1094 quein
1427 1040 1484 1081 ad
1518 1039 1694 1079 modam.
1814 1047 2147 1079 LAMENTABILE

446 1125 639 1155 REGNVM
689 1114 731 1155 id
775 1116 839 1155 est
884 1125 1110 1166 magnum,
1160 1111 1283 1165 quasi
1327 1110 1505 1164 dignum
1550 1108 1687 1149 multa
1730 1107 2056 1160 lamentatione,
2099 1108 2147 1146 ut

447 1184 536 1237 <VI
568 1185 682 1238 481>
719 1184 770 1225 hi
809 1183 1020 1224 multum
1057 1181 1175 1223 fleti
1215 1181 1275 1222 ad
1314 1194 1536 1234 superos.
1658 1190 1806 1219 DANAI
1839 1177 2009 1232 Argivi,
2041 1175 2145 1217 dieti

449 1270 472 1295 a
504 1254 654 1295 Danao
692 1267 804 1309 rege.
865 1268 965 1294 nam
1000 1251 1150 1292 Graeci
1187 1251 1360 1305 proprie
1400 1253 1500 1291 sunt
1538 1249 1737 1290 Thessali
1775 1264 1799 1290 a
1831 1248 1993 1290 Graeco
2035 1261 2148 1302 rege.

565 1325 604 1365 5.
648 1341 861 1366 MJSERRJJJA
890 1341 972 1365 VIDI
998 1326 1056 1364 cst
1080 1323 1188 1363 enim
1206 1335 1341 1375 poena
1365 1325 1402 1362 et
1426 1322 1472 1362 in
1497 1321 1707 1361 atrocitate.
1730 1319 1961 1372 spectaculi,
1992 1321 2038 1359 ut
2064 1319 2146 1370 [in]

447 1396 536 1449 <XI
574 1396 687 1450 263)
728 1395 972 1436 Aetnaeos
1019 1394 1144 1435 vidit
1187 1392 1424 1451 Cyclopas
1470 1391 1637 1434 Ulixes
1680 1394 1716 1432 et
1753 1389 1846 1444 <HI
1884 1389 1998 1443 623>
2044 1389 2148 1430 vidi

447 1470 640 1521 montet,
672 1467 763 1508 (tuo
795 1467 848 1507 de
878 1479 1085 1508 numero.

567 1539 605 1580 6.
655 1548 766 1579 PARS
805 1548 969 1578 MAGNA
1005 1548 1083 1578 FVI
1127 1538 1302 1590 propter
1343 1534 1545 1576 amissam
1585 1520 1826 1586 eoniugem.
1895 1533 1937 1571 et
1979 1530 2060 1572 hoe
2104 1545 2148 1571 se

450 1609 736 1662 commendat,
773 1610 821 1649 ut
857 1607 986 1663 paulo
1026 1609 1126 1661 post
1158 1606 1298 1659 <746>
1333 1607 1418 1646 aut
1457 1604 1577 1659 quid
1608 1604 1657 1645 in
1691 1617 1870 1645 eversa
1901 1600 2005 1643 vidi
2038 1615 2149 1641 eru-

450 1680 614 1721 delius
646 1680 736 1720 urb
749 1678 799 1720 e‘?
903 1689 1060 1720 FANDO
1089 1677 1187 1719 dum
1213 1677 1304 1730 ipse
1331 1676 1445 1717 dicit.
1497 1674 1602 1716 alibi
1627 1674 1728 1715 dum
1754 1673 1924 1723 dieitur,
1956 1673 2004 1713 ut
2036 1671 2148 1725 (81)

449 1751 602 1792 fando
637 1749 845 1805 aliquod
879 1750 921 1791 si
959 1749 1093 1791 forte
1126 1750 1239 1790 tuas
1278 1746 1516 1801 pervenit
1548 1746 1605 1787 ad
1639 1759 1805 1798 aures,
1838 1743 1937 1797 quia
1969 1742 2150 1796 gerundi

450 1822 600 1863 modus
633 1823 710 1862 est.
770 1820 938 1872 quidam
962 1833 1040 1872 per
1069 1819 1322 1871 infinitivum
1354 1817 1518 1858 moduni
1549 1817 1701 1857 dietam
1733 1815 1948 1867 accipiunt.

571 1893 606 1932 7.
645 1902 961 1932 MYRMIDONVM
987 1889 1281 1944 Myrmidones
1303 1890 1403 1929 sunt
1424 1886 1608 1928 Achillis
1630 1886 1745 1940 socii,
1772 1885 1960 1938 Dolopes
1980 1883 2150 1937 Pyrrhi,

453 1963 524 2017 qui
552 1977 644 2003 eum
673 1962 723 2002 de
746 1960 877 2015 Scyro
904 1960 1038 2002 secuti
1064 1963 1174 2001 sunt.
1225 1959 1329 2000 dicti
1355 1961 1499 2000 autem
1527 1960 1625 1998 sunt
1651 1956 1944 2011 Myrmidones
1976 1956 2150 2008 propter

547 2094 567 2124 2
595 2089 715 2123 dietus
737 2088 928 2134 ...torus]
957 2099 1070 2122 exscr.
1098 2087 1182 2123 Isid.
1210 2087 1300 2131 orig.
1328 2086 1395 2121 XX
1424 2091 1453 2126 1,
1475 2087 1565 2129 2119
1593 2084 1718 2130 iubeo]
1748 2083 1828 2118 Ter.
1856 2082 1966 2116 Andr.
1994 2082 2045 2115 III
2065 2086 2097 2125 3,
2120 2085 2149 2116 1.

453 2138 497 2172 cf.
519 2138 611 2171 Don.
639 2137 695 2171 ad.
722 2136 820 2170 hunc
845 2146 937 2170 vers.
966 2137 1003 2169 et
1021 2135 1125 2169 Luct.
1147 2134 1245 2168 Plac.
1268 2134 1312 2168 ad
1335 2134 1426 2168 Stat.
1449 2133 1562 2166 Theb.
1584 2132 1617 2165 Π
1638 2135 1704 2166 608
1725 2133 1736 2175 ΙΙ
1759 2135 1798 2165 11
1820 2129 2010 2174 Horatius]
2039 2140 2150 2163 carm.

454 2186 469 2219 Ι
492 2189 545 2228 12,
564 2188 607 2218 22
627 2185 639 2228 ΙΙ
662 2187 703 2234 14
730 2196 836 2217 DANAI
857 2181 987 2226 Argivi
1014 2210 1021 2216 .
1044 2210 1050 2216 .
1073 2208 1080 2216 .
1107 2193 1129 2216 a
1149 2181 1290 2216 Graeco
1316 2180 1419 2225 rege]
1447 2180 1491 2214 of.
1521 2179 1604 2213 Isid.
1632 2179 1721 2223 orig.
1749 2178 1800 2212 IX
1826 2182 1858 2221 2,
1880 2181 1922 2211 72
1951 2177 1988 2210 εὴ
2013 2180 2055 2210 69

552 2307 568 2336 1
603 2303 640 2336 et
671 2313 736 2336 om.
767 2300 801 2335 G.
848 2313 867 2334 κ
895 2302 931 2345 (i.
959 2312 985 2336 e.
1015 2300 1181 2342 ‘antem’)
1208 2303 1291 2343 post
1316 2299 1461 2333 Aeneas
1487 2308 1586 2341 supr.
1612 2306 1699 2331 vers.
1728 2296 1811 2330 add.
1840 2293 1896 2337 0²,
1927 2297 1968 2328 nt
1991 2294 2151 2328 videtur:

454 2350 549 2394 quod
577 2349 674 2383 ‘hic’
704 2350 961 2392 interpretatus
992 2351 1041 2382 est
1066 2348 1244 2391 Berykius
1274 2347 1286 2390 ll
1322 2350 1340 2380 2
1367 2346 1496 2380 thorus
1522 2345 1647 2378 autem
1673 2343 1720 2377 ab
1745 2341 1868 2377 herbis
1900 2339 2008 2375 tortis
2034 2340 2153 2374 dictus

455 2399 511 2432 est
537 2396 567 2430 C
594 2398 606 2441 ΙΙ
637 2401 656 2430 3
684 2397 802 2438 torus,
829 2397 870 2429 ut
895 2395 941 2439 (V
967 2398 1049 2438 388)
1079 2394 1280 2438 ‘proximus
1306 2394 1348 2427 ut
1373 2392 1554 2428 viridante
1579 2393 1662 2426 toro
1689 2387 1916 2425 consederat’
1946 2388 1984 2421 D
2014 2389 2026 2432 ΙΙ
2057 2391 2077 2422 8
2104 2387 2153 2422 acl

454 2455 486 2478 υ.
521 2448 540 2477 3
574 2443 783 2488 Infandum]
823 2442 910 2486 quia
946 2443 1068 2486 (quae)
1103 2441 1183 2475 uiro
1217 2440 1306 2475 forti
1339 2440 1480 2474 uictum
1517 2449 1554 2473 se
1589 2438 1710 2472 dicere
1746 2435 1883 2471 doloris
1919 2436 1957 2469 et
1989 2433 2152 2479 pudoris.

455 2491 665 2534 Renouare]
698 2491 878 2532 retexere,
912 2489 1058 2523 iterare.
1089 2489 1124 2522 P
1152 2490 1164 2532 ΙΙ
1195 2487 1296 2532 quia]
1332 2499 1355 2531 q
1382 2487 1412 2521 O
1439 2488 1451 2530 ΙΙ
1483 2487 1520 2520 et
1545 2485 1682 2520 doloris
1708 2486 1746 2519 et
1776 2481 1926 2527 pudoris
1953 2483 2008 2516 est
2033 2481 2084 2515 L:
2115 2482 2153 2516 et

457 2537 594 2572 doloris
620 2539 675 2571 est
700 2538 737 2571 et
762 2536 913 2580 pudoris
941 2537 970 2570 (J
1012 2538 1049 2570 et
1074 2536 1210 2570 doloris
1238 2536 1274 2569 et
1299 2534 1450 2577 pudoris
1476 2532 1520 2566 Η
1560 2531 1678 2566 dolori
1704 2532 1740 2565 et
1765 2529 1896 2575 pudori
1922 2530 1977 2563 est
2005 2529 2053 2562 M
2089 2528 2152 2563 do—

457 2586 545 2628 loris
572 2586 609 2619 et
634 2584 783 2628 pudoris
813 2586 868 2617 est
893 2583 932 2617 E
949 2584 960 2627 ΙΙ
986 2587 1006 2617 9
1033 2583 1244 2617 chremeten
1273 2581 1302 2615 C
1337 2581 1586 2623 chrementem
1612 2579 1646 2612 L
1685 2579 1880 2612 cremetem
1908 2576 1952 2610 H
1966 2577 1977 2620 ΙΙ
2005 2579 2047 2609 10
2073 2586 2152 2619 per-

458 2637 588 2668 sonam
616 2631 646 2666 O
680 2641 875 2675 personam
896 2630 929 2663 L
948 2632 959 2674 Η
981 2634 1020 2663 11
1049 2630 1097 2664 ast
1120 2641 1150 2663 υ,
1172 2633 1193 2662 4
1219 2627 1489 2673 Lamentabile]
1517 2626 1671 2671 dignum
1696 2623 1973 2659 lamentatione.
2017 2621 2151 2667 Danai]

460 2679 550 2713 dieti
578 2707 584 2713 .
607 2707 613 2713 .
636 2707 642 2713 .
671 2688 693 2711 a
720 2677 859 2712 Graeco
887 2678 981 2720 (Coo)
1008 2688 1103 2721 rege.
1135 2676 1169 2709 P
1186 2676 1198 2719 ΙΙ
1218 2675 1364 2719 pinguis
1390 2675 1572 2708 Horatius
1590 2674 1602 2718 ss
1620 2672 1751 2717 frigiae
1780 2672 1826 2706 M
1844 2672 1855 2714 ΙΙ
1877 2674 1918 2704 12
1945 2668 2153 2714 migdonias

460 2726 536 2760 CH
553 2726 564 2769 ΙΙ
584 2736 682 2769 opes.
729 2725 826 2768 Opes
852 2735 996 2768 semper
1022 2723 1143 2757 dictae
1164 2722 1211 2756 ad
1232 2721 1562 2766 magnificentiam,
1591 2720 1685 2754 siout
1710 2718 1861 2753 divitiae
1882 2717 1929 2751 ad
1948 2728 2064 2750 usum.
2086 2716 2124 2750 D
2143 2716 2154 2760 ΙΙ

462 2777 504 2806 14
530 2771 676 2817 Argivi]
704 2771 823 2805 Danai
849 2771 891 2804 H
906 2772 918 2814 Η
941 2774 981 2804 15
1007 2781 1118 2813 graco
1144 2770 1187 2803 ][
1221 2769 1323 2813 graio
1352 2769 1400 2802 M
1440 2770 1503 2812 (af.
1531 2778 1640 2811 greco
1666 2777 1840 2811 saperser.
1865 2766 1914 2807 m)
1934 2765 1946 2808 ΙΙ
1967 2768 2008 2798 16
2033 2773 2154 2807 poena

462 2821 523 2854 0²:
549 2830 647 2864 pona
675 2818 703 2852 (J
726 2819 737 2862 Η
767 2818 804 2851 111
831 2818 891 2851 XI.
919 2818 1009 2852 coni.
1037 2817 1215 2860 Bergk-tus
1246 2819 1257 2860 ΙΙ
1294 2820 1335 2850 18
1362 2826 1430 2860 ego
1458 2817 1494 2849 et
1521 2815 1550 2849 O
1572 2815 1584 2859 ΙΙ
1613 2818 1655 2848 19
1682 2814 1730 2848 ad
1754 2824 1785 2847 v.
1813 2817 1832 2847 6
1859 2811 1948 2845 Pars
1974 2809 2151 2854 maxima]

460 2869 609 2911 propter
636 2864 826 2909 coniugem
855 2864 1039 2898 amissam.
1077 2863 1218 2908 Fando]
1247 2863 1331 2896 dum
1358 2863 1435 2906 ipse
1462 2862 1554 2896 dicit
1573 2889 1579 2895 .
1598 2889 1628 2895 ..
1653 2859 1850 2904 accipiunt.
1875 2858 1910 2891 P
1926 2858 1938 2901 ΙΙ
1958 2857 2154 2901 coniugem

461 2912 633 2948 amissam
661 2913 779 2956 01121
808 2912 895 2946 dum
921 2915 1004 2946 ante
1030 2910 1165 2944 dicitur
1190 2922 1254 2943 om.
1286 2910 1320 2943 1’
1337 2910 1349 2953 ll
1375 2914 1417 2943 22
1446 2909 1597 2952 aliquod
1624 2908 1716 2942 GH:
1741 2906 1882 2949 aliquid
1908 2903 2051 2938 LMO2
2087 2903 2153 2937 ali·

462 2960 525 3004 qui
554 2961 596 2995 P.
636 2961 680 3002 cf.
708 2959 895 2993 Ribbeckii
921 2959 1040 2993 adnot.
1069 2958 1116 2991 ad
1142 2957 1187 2990 A.
1216 2957 1247 2989 ll
1274 2961 1292 2991 G
1319 2957 1331 2999 ΙΙ
1360 2961 1402 2990 23
1430 2955 1596 3000 quidam]
1625 2955 1702 2988 siue
1731 2954 1766 2987 P
1783 2954 1794 2997 ΙΙ
1819 2963 1884 2997 pro
1913 2952 1948 2985 P
1983 2961 2049 2994 pro
2075 2950 2154 2984 infi-

460 3007 578 3041 nitivo
605 3007 714 3041 modo
741 3006 877 3040 Daniel
895 3006 907 3050 ll
927 3009 971 3039 24
998 3006 1045 3039 ad
1069 3016 1100 3038 v.
1129 3008 1147 3038 7
1175 3002 1463 3048 Myrmidonum]
1492 3001 1736 3046 Myrmidones
1763 3001 1847 3034 sunt
1871 2997 2026 3033 Achillis
2053 2996 2153 3040 socii,

463 3054 624 3097 Dolopes
650 3053 790 3097 Pyrrhi.
842 3052 1089 3097 Myrmidones
1121 3052 1245 3085 autem
1272 3061 1293 3084 a
1317 3062 1402 3094 rege
1435 3049 1654 3084 mirmidono
1686 3047 1776 3082 dicti
1806 3046 1900 3081 iouis
1932 3045 1969 3079 et
2000 3043 2153 3078 eurime-

464 3100 585 3135 dontis
610 3100 696 3135 filio.
727 3100 790 3144 Pu
809 3112 1042 3134 mmmnouvm
1068 3125 1075 3131 .
1104 3126 1110 3132 .
1140 3127 1145 3133 .
1174 3109 1196 3132 a
1221 3109 1306 3141 rege
1332 3096 1564 3141 Myrmidono
1591 3097 1640 3139 (p.
1670 3098 1735 3128 213
1763 3094 1826 3128 lin.
1854 3094 1890 3138 4)
1915 3103 1979 3127 om.
2009 3090 2039 3126 G
