2204 3437
321 572 340 603 5

307 931 348 960 10

305 1286 346 1316 15

306 1642 349 1673 20

368 169 452 210 582
1130 166 1287 202 SERVII

488 279 583 320 691.
633 289 722 319 TER
749 288 992 319 REVOLVTA
1025 288 1148 318 TORO
1176 287 1258 317 EST
1285 277 1359 316 aut
1392 272 1621 328 ‘saepius’:
1648 275 1722 314 aut
1748 271 2062 326 promanteusis

368 353 450 404 est,
483 350 765 404 praesoylum,
803 350 976 403 propter
1022 348 1135 389 bella
1179 346 1467 401 Carthaginis.
1581 361 1824 387 ERRANTJBVS
1859 344 2064 385 vicinitate

370 423 523 464 mortis.

488 494 584 535 692.
636 503 952 541 INGEMVITQVE
977 503 1188 532 REPERTA
1217 490 1335 544 atqui
1362 489 1468 530 dixit
1494 488 1635 541 <631>
1662 487 1883 528 invisam
1915 501 1940 540 q
1951 501 2063 527 uae-

368 581 482 608 rens
516 579 662 620 quam
695 563 908 618 primum
942 563 1241 616 abrumpere
1274 562 1456 613 lucem,
1497 559 1569 600 sed
1609 558 1797 600 ostendit
1834 557 2064 599 morientes

372 653 449 679 sua
481 636 708 691 inprobare
735 633 955 688 desideria,
988 635 1035 674 ut
1060 633 1102 674 in
1129 635 1247 674 sexto
1275 632 1418 685 <436>
1453 645 1599 685 quam
1631 630 1826 670 vellent
1858 628 2063 670 aethere

370 711 419 753 in
452 709 558 751 alto
591 721 721 748 nunc
753 708 801 748 et
833 705 1129 760 pauperiem
1162 706 1210 745 et
1243 704 1393 745 duros
1426 702 1660 756 perferre
1693 700 1911 742 labores.

488 780 584 822 693.
634 789 755 820 TVNC
790 789 900 818 IVNO
935 787 1230 817 OMNIPOTENS
1263 777 1337 815 aut
1368 773 1574 828 pronuba,
1608 775 1682 813 aut
1711 772 1893 815 inferna.

490 852 586 893 694.
638 859 994 897 DIFFHJHAESQVE
1029 858 1193 889 ossl'rvs
1229 846 1328 901 quia
1360 846 1582 900 supererat
1614 844 1703 885 vita
1735 844 1784 897 ei,
1816 857 1923 897 quae
1955 856 2067 896 casu,

375 940 459 966 non
492 926 566 966 aut
599 923 688 964 fato
723 924 798 963 aut
829 924 982 963 natura
1015 920 1294 962 moriebatur:
1328 921 1375 960 ut
1407 917 1547 971 <696>
1581 915 1703 956 ‘nam
1737 915 1837 969 quia
1862 929 1939 955 nec
1964 914 2066 968 fato,

374 996 527 1038 merita
553 1010 630 1036 nec
655 996 792 1035 morte
820 991 1020 1046 peribaff,
1051 991 1092 1032 id
1119 993 1184 1032 est
1208 989 1409 1031 naturali.
1502 1000 1598 1028 IRIN
1623 998 1850 1028 DEMITTIT
1879 996 2066 1026 OLYMPO

374 1071 421 1110 ut
453 1070 496 1109 et
529 1081 658 1120 supra
690 1064 782 1118 <III
815 1064 898 1117 46>
931 1063 1132 1115 diximus,
1164 1060 1300 1102 trahit
1331 1060 1412 1101 hoc
1446 1059 1495 1101 de
1530 1058 1689 1100 Alcesti
1720 1056 1956 1111 Euripidis,
1995 1055 2067 1111 qui

376 1139 538 1181 inducit
575 1136 833 1179 Mercurium
872 1135 910 1175 ei
949 1148 1114 1175 comam
1154 1134 1388 1184 secantem,
1433 1129 1534 1184 quia
1578 1130 1668 1170 fato
1706 1128 1874 1182 peribat
1912 1127 2067 1168 mariti.

373 1212 450 1253 alii
487 1211 626 1252 dicunt
663 1208 907 1260 Euripidem
954 1205 1102 1247 Orcum
1148 1206 1193 1245 ‘m
1230 1216 1390 1245 scenam
1422 1202 1623 1250 «insincere,
1656 1200 1842 1254 ylccdium
1877 1199 2069 1251 ferentem

372 1298 449 1337 quo
488 1283 639 1324 crinem
677 1280 829 1321 Alcesti
865 1278 1062 1329 abscidat,
1099 1278 1135 1316 et
1169 1275 1414 1327 Euripidem
1453 1272 1524 1313 hoc
1554 1286 1581 1312 a
1611 1270 1864 1324 Phrynicho,
1903 1269 2069 1321 antiquo

375 1356 541 1409 trayico,
572 1355 814 1394 invinatum.
878 1363 979 1390 saue
1011 1347 1230 1389 sciendum
1270 1346 1351 1387 hoc
1379 1332 1478 1386 ideo
1511 1358 1622 1385 nunc
1655 1342 1762 1395 fieri,
1804 1341 1904 1396 quia
1941 1340 2068 1381 certis

374 1423 767 1469 consecrationibus
802 1421 999 1463 solebant
1029 1419 1224 1461 homines
1258 1419 1393 1459 facere
1427 1420 1473 1458 ut
1505 1415 1660 1457 muniti
1693 1416 1835 1455 essent
1867 1411 2068 1453 adversus

375 1498 570 1540 fortunae
603 1497 806 1550 impetus,
837 1508 913 1535 nec
945 1493 1145 1547 poterant
1178 1490 1285 1531 mori
1317 1488 1400 1530 11181
1433 1485 1697 1529 exauctorati
1738 1485 1813 1526 illa
1851 1497 2068 1525 consecra-

376 1571 509 1611 tione:
542 1569 650 1610 unde
683 1568 795 1609 circa
826 1565 1038 1607 Didonem
1070 1565 1154 1605 ista
1186 1564 1423 1604 servantur.

495 1642 590 1683 696.
641 1658 725 1683 ΝΛΜ
755 1657 844 1686 QVJA
872 1656 946 1681 NEC
969 1654 1065 1679 FATo
1096 1650 1185 1677 cum
1217 1636 1325 1676 (licat
1364 1633 1563 1687 Veryilius
1601 1630 1666 1683 <X
1698 1630 1811 1682 4137>
1849 1631 1949 1670 stat
1983 1640 2071 1668 sua

375 1715 546 1767 cuique
576 1713 696 1765 dics,
728 1712 920 1762 quomodo
950 1709 1015 1750 hic
1045 1708 1142 1750 dicit
1174 1707 1292 1748 ‘aiam
1323 1706 1420 1758 quia
1454 1718 1522 1745 nec
1550 1704 1638 1755 fato
1670 1702 1815 1743 merim
1846 1713 1916 1741 nec
1946 1701 2072 1739 morte

368 1786 542 1840 peribat,
573 1786 642 1826 sed
671 1784 821 1825 misera
851 1786 945 1823 ante
975 1779 1134 1823 clieni'?
1166 1792 1264 1820 ozam
1295 1778 1332 1819 si
1361 1777 1448 1829 fato
1480 1776 1668 1827 vivimus,
1707 1772 1807 1825 quid
1835 1774 1963 1825 aqum&
1992 1784 2070 1811 mo-

376 1858 488 1899 rita?
520 1858 557 1899 si
580 1869 806 1909 pensantur
837 1854 1009 1903 meritis,
1051 1865 1153 1905 (suae
1183 1851 1244 1891 vis
1278 1849 1390 1900 fati?
1428 1847 1622 1901 quomodo
1659 1845 1722 1886 hic
1759 1848 1795 1885 ct
1827 1843 1964 1895 fatum
2000 1841 2070 1883 ad-

473 1992 492 2021 2
528 1986 765 2020 ‘errantibus’
794 1984 986 2019 vicinitate
1014 1982 1157 2026 mortis]
1193 1979 1236 2013 cf.
1264 1979 1368 2014 Luct.
1396 1978 1494 2012 Plac.
1522 1976 1568 2010 ad
1594 1975 1686 2010 Stat.
1714 1973 1827 2008 Theb.
1855 1972 1941 2006 VIII
1968 1974 2034 2006 756
2062 1972 2071 2015 l}

379 2040 420 2069 12
447 2034 566 2069 trahit
591 2034 660 2068 hoc
688 2062 694 2068 .
717 2063 722 2068 .
747 2063 752 2068 .
781 2030 1007 2074 mutuatum]
1035 2029 1078 2064 cf,
1107 2026 1266 2063 Macrob.
1296 2026 1371 2060 Sat.
1392 2026 1424 2059 V
1447 2029 1500 2066 19,
1523 2028 1538 2057 1
1563 2035 1640 2066 sqq.
1668 2021 1850 2066 mythogr.
1872 2019 1923 2054 ΙΙΙ
1943 2023 1975 2063 9,
1998 2022 2037 2053 11
2059 2018 2071 2063 1}

380 2087 421 2117 16
449 2093 535 2116 sane
562 2081 750 2116 sciendum
780 2108 785 2114 .
815 2108 819 2114 .
850 2106 856 2113 .
884 2078 1092 2122 servantur]
1121 2087 1232 2111 exscr.
1260 2073 1442 2118 mythogr.
1470 2072 1520 2106 ΠΙ
1545 2076 1577 2114 9,
1608 2075 1647 2104 12

477 2206 492 2235 1
521 2201 569 2235 acl
588 2201 646 2235 ter
665 2212 691 2234 r.
714 2201 739 2234 t.
761 2210 787 2233 e.
811 2210 910 2241 supr.
931 2208 1017 2231 rers.
1040 2196 1104 2230 aut
1125 2194 1246 2239 sepius
1267 2194 1331 2227 aut
1357 2193 1413 2227 est
1438 2190 1672 2234 praesagium
1700 2189 1850 2234 propter
1874 2186 1948 2222 tria
1972 2186 2074 2221 bella

379 2248 513 2294 punica
544 2248 601 2292 ΤΙΙ
620 2245 891 2291 promanteusis
920 2244 996 2279 FO
1023 2244 1305 2288 promanteusus
1326 2240 1457 2274 NLH
1482 2251 1511 2285 ἆ)
1538 2238 1662 2272 mante
1688 2248 1774 2271 usus
1797 2236 1845 2269 M
1874 2246 1940 2279 pro
1967 2244 2072 2269 oeco-

378 2296 504 2331 nomia
523 2308 608 2330 usus
630 2295 730 2328 Laid.
747 2294 874 2327 Burm.
895 2294 906 2336 ΙΙ
932 2297 951 2326 2
973 2293 1029 2326 est
1050 2318 1078 2325 ..
1097 2319 1102 2325 .
1124 2288 1268 2333 mortis]
1293 2289 1348 2322 est
1368 2287 1573 2322 errantibus
1594 2284 1823 2319 uicinitatem
1845 2283 1924 2327 (sic)
1944 2280 2073 2316 mortis

378 2344 531 2388 propter
550 2342 625 2376 tria
649 2342 750 2376 bella
770 2341 904 2385 punica
923 2337 1156 2384 praesagium
1178 2337 1328 2380 propter
1348 2335 1484 2369 bellam
1505 2332 1735 2377 chartagium
1754 2331 1791 2365 F
1807 2332 1819 2375 ΙΙ
1838 2328 2072 2375 praesagium

379 2392 459 2426 hab.
483 2389 513 2425 G
527 2392 538 2433 ΙΙ
559 2389 810 2434 Carthaginis]
836 2399 922 2422 nam
947 2387 1021 2421 tria
1047 2397 1128 2419 cum
1154 2383 1331 2418 Romanis
1358 2383 1458 2416 fuere
1484 2381 1584 2416 bella
1609 2379 1748 2414 Punica
1771 2379 1877 2421 vulno
1903 2377 2043 2411 addunt
2070 2376 2071 2391 ¹

379 2438 571 2473 vicinitate
587 2437 723 2471 Daniel
742 2437 753 2479 ΙΙ
773 2440 793 2469 4
808 2434 944 2479 adquid
961 2434 1000 2468 F
1023 2433 1087 2467 aut
1101 2431 1162 2475 qui
1178 2432 1219 2465 N
1233 2433 1244 2474 ΙΙ
1265 2430 1372 2473 dixit]
1395 2442 1462 2474 sup
1525 2428 1578 2463 ait
1594 2428 1640 2461 M
1657 2428 1668 2471 ΙΙ
1689 2431 1708 2461 8
1724 2427 1772 2460 ad
1784 2437 1815 2459 v.
1833 2429 1898 2459 693
1920 2424 1961 2458 in
1979 2434 2072 2457 mar-

379 2486 462 2530 yine
486 2485 706 2519 Turonensis
731 2495 772 2517 ea
796 2493 926 2517 memus
951 2492 1041 2526 quae
1067 2479 1264 2514 tironismis
1288 2478 1383 2512 notis
1410 2478 1464 2511 ¹uti
1481 2488 1527 2510 ur
1551 2476 1636 2509 haec
1661 2473 1805 2517 scripsit
1831 2470 1961 2506 Iunoni
1987 2481 2072 2505 con-

381 2534 524 2567 secrata
549 2532 678 2566 fuerat.
718 2531 875 2574 ideoque
896 2540 968 2564 non
987 2529 1136 2573 poterat
1162 2526 1253 2560 mori
1280 2524 1350 2559 nisi
1376 2522 1602 2559 consecratio
1624 2522 1746 2556 soluta
1771 2520 1912 2554 fuisset.
1945 2518 2074 2553 dicunt

381 2580 477 2615 enim
505 2579 596 2614 scire
622 2579 815 2623 pontifices
841 2576 1019 2620 quasdam
1047 2572 1351 2609 consecrationes.
1404 2571 1535 2615 quibus
1566 2571 1762 2614 postquam
1788 2566 1922 2610 aliquis
1949 2575 2072 2600 conse-

382 2629 503 2662 cratus
530 2627 656 2668 fuerit,
690 2637 763 2660 non
796 2635 902 2669 posse
936 2623 1040 2657 illum
1068 2621 1162 2656 mori
1188 2620 1303 2655 donec¹
1329 2619 1451 2653 soluta
1477 2616 1764 2653 consecratione.
1814 2616 1852 2649 et
1876 2613 1959 2648 ideo
1984 2612 2071 2646 iuno

382 2674 587 2709 transmisit
611 2674 694 2708 irim
720 2672 757 2706 id
784 2673 839 2706 est
865 2682 988 2705 arcum
1017 2669 1212 2704 caelestem
1239 2667 1298 2701 uel
1325 2667 1430 2700 deam
1464 2666 1541 2700 eius
1574 2675 1679 2698 arcus
1711 2663 1752 2697 ut
1784 2661 1944 2696 solueret
1968 2659 2071 2694 illam

383 2721 707 2756 consecrationem.
728 2721 740 2763 ΙΙ
762 2724 801 2753 11
830 2732 904 2752 lum
926 2718 964 2751 F
993 2730 1072 2750 Yms
1094 2716 1127 2749 L
1146 2717 1157 2759 ΙΙ
1178 2714 1343 2749 1101111111
1370 2712 1499 2747 NLH
1533 2723 1692 2745 DIMITTIT
1720 2710 1806 2744 CM
1842 2719 1981 2743 nmilsl'r
2007 2706 2045 2740 F
2061 2706 2073 2750 l}

385 2774 426 2803 12
454 2769 576 2803 alcisti
604 2767 678 2802 FO
713 2766 889 2801 alcestide
920 2766 1056 2807 111113
1083 2761 1322 2805 Mercurium]
1350 2762 1505 2795 mortem
1533 2759 1576 2793 G.
1598 2758 1745 2792 Vossius
1764 2758 1776 2800 ΙΙ
1805 2760 1848 2790 14
1874 2756 1922 2789 ad
1946 2766 1977 2788 v.
2005 2757 2073 2788 694

383 2818 423 2850 in
448 2827 560 2859 maro.
589 2816 735 2859 praeter
761 2814 859 2858 qnod
886 2812 1025 2847 Seruius
1052 2810 1143 2845 dicit
1168 2809 1317 2852 quidam
1343 2808 1470 2842 dicunt
1495 2805 1700 2850 euripidem
1809 2802 1931 2837 alcisti
1956 2800 2072 2836 absci-

384 2864 448 2898 dat
474 2866 511 2897 et
536 2864 606 2897 hoc
633 2861 836 2904 euripidem
858 2873 879 2894 a
898 2859 1054 2904 phenico
1075 2857 1227 2898 antiquo
1247 2855 1390 2900 tragico
1417 2854 1626 2889 mutuatum
1654 2863 1696 2886 ex
1723 2862 1796 2895 quo
1822 2851 1891 2884 hoc
1917 2847 2074 2892 sumpsit

384 2910 552 2954 uirgilius
583 2910 614 2943 T
628 2911 640 2953 ΙΙ
660 2908 872 2951 eurypidem
901 2907 939 2941 F
954 2909 966 2950 Η
986 2917 1110 2940 oscum
1138 2904 1177 2937 F
1192 2906 1203 2946 ΙΙ
1223 2903 1465 2937 ferententcm
1492 2901 1530 2935 F
1546 2902 1558 2945 ΙΙ
1580 2904 1620 2934 15
1648 2898 1769 2934 alcisti
1796 2897 1833 2931 F
1850 2899 1861 2939 ΙΙ
1881 2895 2074 2930 abscindat

384 2959 520 2992 Daniel
538 2959 550 3002 ΙΙ
571 2959 608 2991 et
634 2969 699 2991 om.
728 2955 772 2990 F.
813 2956 852 2989 at
875 2955 1035 2988 Jahnius
1060 2963 1138 2986 nov.
1166 2961 1252 2984 mm.
1280 2951 1377 2984 rhen.
1404 2950 1454 2983 IX
1475 2960 1512 2992 p.
1535 2952 1602 2982 625
1623 2947 1635 2991 ΙΙ
1654 2944 1863 2990 Phrynicho
1891 2943 2070 2977 Jalmius:

385 3005 541 3049 phenico
572 3005 603 3038 T
639 3002 771 3048 poenia
800 3002 838 3036 F
877 3001 1028 3036 Pratina
1052 2999 1255 3039 Bentleius,
1287 2998 1391 3031 euius
1421 2995 1682 3030 ememlutiones
1714 2993 1850 3036 aliquot
1876 2991 2073 3025 Sei-manas

385 3053 497 3086 edidit
521 3052 740 3086 Eclmundus
760 3050 918 3084 Hedicke
944 3050 984 3082 in
1008 3048 1273 3090 proqroemmate
1297 3044 1479 3087 (mmnasii
1500 3039 1843 3086 Quecllinburqcnsis
1862 3038 1954 3072 anni
1972 3040 2070 3072 1879.

385 3098 543 3141 Panyasi
570 3098 611 3132 G.
635 3097 781 3131 Vossius
807 3098 818 3140 Η
845 3099 887 3130 18
915 3095 1088 3139 poterunt
1114 3092 1144 3127 C
1164 3094 1177 3136 ΙΙ
1203 3096 1247 3126 20
1273 3092 1444 3125 scholium
1471 3091 1518 3124 ad
1542 3100 1572 3123 υ.
1601 3092 1667 3123 696
1693 3087 1734 3121 in
1758 3096 1869 3125 mara.
1897 3085 1976 3119 hab.
2008 3084 2039 3117 T
2062 3083 2073 3127 ΙΙ

387 3150 427 3180 21
457 3145 516 3179 1110
548 3146 593 3179 T:
618 3145 702 3179 hiae
731 3144 769 3178 F
803 3144 873 3178 hoc
900 3143 1034 3176 Daniel
1053 3142 1064 3185 ΙΙ
1084 3145 1127 3174 22
1155 3138 1299 3185 peribat
1324 3149 1388 3172 om.
1415 3137 1534 3181 Τ1123
1562 3135 1623 3170 hic
1649 3145 1691 3169 ex
1716 3134 1786 3168 hoc
1811 3132 1852 3167 F
1867 3134 1879 3176 ΙΙ
1897 3132 1976 3166 fatu
2002 3130 2042 3165 F
