2204 3437
829 179 1110 215 PRAEFATIO.
1613 178 1812 212 LXXXVII

125 289 310 343 suspicio
344 291 578 331 moveatur.
637 290 688 331 cf.
720 289 861 330 adnot.
895 287 985 329 crit.
1019 287 1069 327 ad
1105 287 1178 336 13,
1211 287 1285 339 283
1330 285 1395 339 15,
1430 287 1501 340 133
1537 287 1609 339 18,
1640 287 1713 340 2ος
1745 288 1813 340 33,

127 362 192 402 10.
225 360 244 401 Ι
276 361 330 401 96
365 359 422 414 (p.
454 361 523 414 48,
556 359 629 415 25)
669 359 857 413 Servius,
897 372 1059 399 memor
1097 356 1279 398 fortasse
1312 356 1525 397 Iuvenalis
1565 371 1709 397 versus
1744 358 1813 411 qui

125 434 190 472 est
222 433 300 472 sat.
340 431 420 472 XV
454 432 530 485 66,
557 444 791 484 percussum
832 429 1016 483 scripsit.
1071 442 1148 481 pro
1190 441 1237 468 eo
1277 427 1480 480 plenioris
1520 428 1814 468 commentarii

125 504 289 556 auctor,
327 502 425 556 quia
451 502 590 556 ipsum
623 501 745 542 illum
773 515 940 541 versum
982 498 1193 540 adiecerat
1223 501 1458 551 superatum
1496 498 1657 551 posuit:
1701 497 1814 538 idem

124 572 237 614 BM
263 572 476 613 exhibent.
531 572 551 612 I
586 572 667 612 104
702 570 757 625 (p.
791 571 865 624 50,
898 569 971 624 26)
1013 583 1099 610 11011
1125 571 1307 622 possunt
1340 567 1476 609 Servii
1509 582 1599 609 esse
1633 582 1739 622 quae
1771 568 1813 608 111

124 643 248 685 BMc
289 645 434 684 extant
472 643 530 684 vel
560 642 667 694 quod
694 642 828 683 verius
859 644 917 682 est
946 654 988 681 re
1024 654 1118 681 vera
1155 639 1278 680 remi.-
1317 639 1447 680 immo
1485 640 1618 681 verius
1655 638 1761 679 illud
1794 653 1814 679 e

124 714 388 769 plenioribus
421 713 543 754 libris
577 713 828 754 arcessitum
850 714 914 753 est
942 711 1013 765 qui
1044 711 1105 751 vel
1129 712 1236 762 Quod
1267 711 1397 751 verius
1428 713 1483 751 est
1507 710 1610 750 remi
1641 709 1815 750 habent.

126 785 288 827 accedit
329 784 441 838 quod
481 783 757 824 inveniuntur
799 797 905 837 quae
948 796 998 823 ex
1030 780 1183 821 Isidori
1226 782 1354 834 atque
1396 779 1815 833 mythographorum

124 856 245 897 libris
278 856 321 896 in
352 854 462 895 BM
485 854 701 895 translata
734 868 825 895 esse
866 867 998 907 prope
1039 854 1201 893 certum
1243 851 1310 892 sit.
1368 851 1502 892 veluti
1529 851 1603 904 (59,
1637 852 1661 891 8
1693 851 1816 902 feria-

124 940 214 968 mus
246 925 501 979 scripturam
535 924 782 967 Servianam
822 939 912 965 esse
944 923 1186 964 Priscianus
1221 921 1428 975 ostendit,
1458 922 1638 972 feriendo
1662 922 1817 973 produ-

124 1010 262 1038 camus
300 996 488 1037 Isidorus
528 996 683 1049 posuit.
733 1011 771 1049 p.
807 995 908 1048 101,
944 995 993 1034 17
1038 993 1151 1048 quod
1182 992 1411 1033 Bernensis
1449 992 1580 1033 habet
1617 992 1753 1032 amnis
1792 1007 1815 1032 a

125 1066 443 1122 mythographo
476 1066 496 1106 I
526 1067 711 1121 petitum
745 1080 836 1107 esse
870 1067 1049 1119 apparet
1082 1063 1153 1118 qui
1184 1063 1269 1104 fab.
1302 1063 1358 1103 30
1391 1061 1527 1103 Servii
1567 1062 1815 1103 narratione

123 1138 167 1179 in
198 1137 368 1179 brevius
402 1139 622 1178 contracta
653 1137 758 1178 haec
791 1136 962 1190 scripsit
1000 1139 1085 1176 tum
1116 1138 1161 1175 ut
1196 1134 1365 1186 quidam
1403 1134 1543 1174 (licetret
1580 1133 1709 1174 Iliam
1740 1133 1817 1174 siba·

124 1209 259 1249 amm’s
287 1208 383 1260 fecit
410 1222 587 1249 uxorem.
643 1208 719 1248 illa
752 1221 917 1262 quoque
950 1219 1057 1259 quae
1090 1220 1128 1258 p.
1158 1204 1253 1257 124,
1280 1204 1332 1244 21
1362 1204 1472 1245 BM
1498 1204 1689 1245 codicum
1721 1218 1813 1257 pro-

121 1279 215 1333 pria
249 1281 347 1319 sunt
377 1293 398 1320 e
432 1278 739 1334 nlythographi
770 1277 790 1318 1
821 1277 968 1318 fabula
1001 1275 1087 1317 215
1120 1275 1314 1316 derivata
1346 1289 1437 1316 esse
1472 1275 1662 1329 dixerim,
1694 1289 1815 1328 prae-

123 1350 270 1391 sertim
312 1364 407 1391 cum
447 1349 483 1391 is
526 1351 599 1390 aut
639 1348 774 1390 Servii
816 1347 978 1389 scholio
1021 1346 1126 1388 satis
1165 1346 1298 1386 libere
1338 1360 1438 1386 usus
1481 1345 1538 1386 sit
1577 1347 1652 1387 aut
1685 1345 1815 1386 aliun]

122 1421 281 1462 librum
315 1420 600 1474 exscripserit.
656 1420 834 1474 denique
862 1418 973 1460 inter
994 1417 1265 1458 Monacensis
1300 1419 1341 1458 et
1374 1416 1577 1457 similium
1610 1416 1815 1457 librorum

123 1492 357 1545 scripturas
390 1506 494 1546 quas
517 1506 644 1546 supra
671 1491 853 1545 exempli
880 1505 1008 1532 causa
1028 1489 1358 1530 commemoravi
1379 1488 1585 1542 quaedam
1618 1488 1678 1528 ita
1704 1502 1815 1528 com-

125 1564 301 1617 paratae
336 1564 434 1603 sunt
465 1564 513 1602 ut
544 1577 630 1604 non
664 1562 847 1603 debeant
884 1576 962 1615 pro
996 1558 1213 1601 Servianis
1253 1558 1412 1600 haberi.
1468 1574 1566 1599 nam
1606 1559 1677 1612 qui
1709 1558 1728 1597 Ι
1762 1559 1815 1599 76

126 1632 185 1689 (p.
216 1634 287 1687 42,
321 1633 395 1688 19)
426 1633 664 1674 meritorium
702 1633 848 1687 posuit
880 1631 991 1686 apud
1026 1630 1220 1672 Servium
1260 1631 1416 1671 meritis
1454 1630 1553 1684 quid
1593 1629 1675 1670 sibi
1713 1628 1818 1670 velit

123 1719 210 1746 non
242 1704 407 1745 videtur
439 1703 713 1745 intellexisse.
769 1718 909 1758 neque
942 1702 1166 1757 quisquam
1198 1716 1237 1755 p.
1258 1701 1326 1755 90,
1350 1701 1403 1742 15
1430 1702 1683 1742 troz'mzorum
1708 1700 1816 1752 peri-

125 1776 260 1817 culum
291 1774 507 1816 inferioris
529 1775 683 1816 aetatis
703 1774 886 1827 homini,
919 1774 1126 1815 troianum
1147 1773 1292 1814 bellum
1315 1771 1461 1813 Servio
1482 1771 1654 1812 tribuet.
1687 1770 1818 1811 verba

124 1846 257 1901 igitur
279 1844 415 1887 Servii
446 1845 490 1886 in
523 1845 612 1886 eius
647 1845 815 1901 generis
848 1845 970 1886 libris
1003 1844 1122 1885 cuius
1142 1843 1413 1885 Monacensis
1446 1845 1512 1883 est
1538 1841 1675 1896 magis
1703 1841 1817 1882 adul-

125 1919 264 1958 terata
296 1931 387 1957 esse
418 1915 601 1957 vidimus
645 1930 772 1970 quam
813 1915 857 1956 in
897 1914 1088 1969 reliquis.
1143 1929 1279 1968 neque
1320 1916 1465 1955 tamen
1506 1914 1682 1966 propter
1724 1926 1817 1953 eam

125 2003 214 2030 rem
246 1987 516 2029 Monacensis
550 1987 723 2028 omnino
757 1985 1020 2041 spernendus
1054 1987 1136 2026 est:
1171 1985 1243 2039 qui
1276 1999 1371 2026 cum
1398 1984 1516 2025 locos
1554 1997 1640 2024 non
1670 1983 1814 2024 nullos

125 2059 168 2100 111
201 2058 354 2099 ceteris
388 2072 493 2112 quos
526 2071 604 2112 ego
638 2058 809 2111 quidem
842 2056 1003 2098 contuli
1036 2055 1157 2096 libris
1191 2058 1414 2109 corruptos
1448 2055 1509 2095 ita
1542 2054 1741 2095 exhibeat
1771 2056 1819 2094 ut

126 2130 179 2171 ab
212 2129 306 2183 ipso
341 2128 623 2182 grammatico
645 2128 845 2169 videntur
878 2126 1061 2181 profecti
1094 2140 1186 2167 esse
1207 2124 1277 2181 (cf.
1299 2140 1338 2179 p.
1362 2126 1456 2179 157,
1477 2126 1503 2166 5
1524 2127 1567 2166 et
1585 2140 1624 2178 p.
1646 2125 1742 2178 645,
1763 2125 1820 2176 3),

128 2200 196 2241 illi
229 2199 301 2253 qui
332 2199 476 2241 nescio
510 2214 593 2254 qua
626 2200 675 2240 de
708 2214 835 2240 causa
856 2212 1097 2240 sermonem
1119 2196 1373 2239 Servianum
1399 2211 1448 2238 ea
1480 2196 1598 2237 cuius
1627 2196 1821 2250 exempla

129 2285 257 2324 supra
289 2270 442 2324 scripsi
473 2271 640 2312 ratione
678 2269 1074 2312 transformandum
1109 2269 1299 2322 suscepit
1335 2282 1420 2309 non
1452 2269 1598 2321 potest
1630 2282 1716 2308 non
1748 2267 1818 2307 bo-

126 2356 230 2382 num
263 2341 482 2395 exemplar
512 2344 684 2395 praesto
711 2341 854 2382 fuisse.
911 2343 1039 2394 atque
1085 2339 1287 2394 quoniam
1326 2337 1554 2379 Bernensis
1593 2340 1635 2379 et
1672 2337 1819 2378 Mona-

129 2411 264 2453 censis
298 2426 394 2452 cum
427 2411 665 2453 Danielinis
699 2411 820 2453 libris
855 2411 1109 2465 cognatione
1137 2410 1319 2464 quadam
1347 2409 1619 2450 continentur
1652 2410 1694 2449 et
1720 2407 1819 2448 Ber-

126 2483 271 2524 nensis
304 2497 329 2523 a
361 2482 517 2524 scotico
564 2482 772 2524 monacho
813 2483 1012 2523 exaratus
1052 2483 1135 2535 est,
1174 2480 1288 2522 haud
1321 2480 1408 2521 scio
1444 2494 1497 2520 an
1540 2494 1589 2520 ea
1627 2477 1819 2520 Serviani

128 2552 426 2595 commentarii
463 2555 510 2594 ut
547 2554 610 2594 ita
656 2553 794 2594 dicam
834 2552 1024 2594 recensio
1074 2566 1201 2606 quam
1242 2550 1352 2592 ΒΜ
1382 2551 1484 2591 libri
1523 2550 1729 2604 praebent
1768 2548 1819 2590 ad

129 2624 354 2666 Scotorum
387 2623 529 2665 studia
561 2624 802 2666 revocanda
841 2623 909 2664 sit.
965 2623 1076 2663 inter
1114 2636 1261 2663 eorum
1301 2624 1442 2663 autem
1482 2621 1676 2662 codicum
1715 2634 1819 2673 quos

127 2697 298 2750 praeter
340 2694 552 2749 pleniores
599 2697 641 2737 et
683 2695 983 2737 Monacensem
1030 2693 1207 2735 adhibui
1246 2692 1497 2733 testimonia
1534 2706 1618 2733 non
1664 2706 1713 2732 ea
1757 2692 1821 2731 est

129 2766 455 2819 dissimilitudo,
499 2768 546 2807 ut
584 2766 848 2820 exemplaria
886 2781 907 2807 e
946 2765 1101 2820 quibus
1140 2764 1203 2805 1111
1248 2763 1427 2804 derivati
1467 2765 1567 2804 sunt
1603 2777 1688 2803 non
1726 2775 1820 2814 pos-

129 2838 214 2879 sint
252 2837 303 2879 ad
343 2837 521 2879 eundem
562 2837 839 2892 archetypum
878 2837 1047 2891 referri,
1085 2851 1211 2891 quem
1250 2835 1293 2876 in
1330 2834 1511 2875 Francia
1549 2833 1651 2873 olim
1690 2831 1820 2872 fuisse

130 2908 306 2950 conicio.

246 2978 282 3020 E
315 2978 492 3032 reliquis
521 2977 715 3020 Serviani
744 2977 1041 3020 commentarii
1073 2976 1286 3018 codicibus
1314 2976 1385 3028 qui
1419 2973 1587 3032 quidem
1621 2972 1726 3013 mihi
1757 2972 1818 3013 111-

129 3052 363 3091 notuerunt
394 3050 439 3091 hi
472 3049 669 3091 videntur
701 3048 1060 3090 commemorandi
1083 3062 1184 3089 esse.
1241 3044 1551 3087 Harleianus
1581 3043 1695 3085 2782
1729 3058 1817 3085 sae-

133 3120 216 3160 culi
246 3121 367 3175 noni,
403 3121 481 3162 181
506 3120 777 3162 membranas
810 3120 973 3161 formae
1007 3118 1217 3161 maximae
1242 3116 1385 3159 habet.
1419 3115 1491 3157 fol.
1516 3116 1558 3157 Γι
1580 3138 1631 3142 ——
1655 3114 1725 3156 fol.
1747 3115 1821 3157 28³
