2204 3437
823 179 1104 214 PRAEFATIO.
1730 181 1804 214 XL!

119 291 191 332 sed
224 305 317 331 cum
350 290 494 344 aliqua
527 290 582 330 sit
614 289 725 330 inter
762 288 983 342 utriusque
1023 286 1152 327 verba
1185 287 1437 341 similitudo,
1479 287 1591 328 haud
1632 288 1717 329 scio
1757 304 1807 329 an

120 361 290 403 Servius
324 361 411 402 eius
444 362 691 415 praecepta,
724 373 847 413 quem
874 357 1061 399 Isidorus
1084 359 1278 398 accurate
1299 361 1467 399 secutus
1496 358 1570 411 sit,
1603 359 1809 399 memoria

120 433 254 474 falsus
288 432 538 485 corruperit.

237 503 304 545 Or.
337 503 376 544 X
409 503 494 544 260
526 501 712 543 Isidorus
745 503 941 553 sequester
979 500 1120 555 inquit
1157 501 1306 542 (licitur
1343 501 1414 553 qut
1451 499 1694 541 certantibus
1732 513 1807 540 me-

118 576 211 617 dius
242 575 470 624 intervenit,
503 574 574 626 qui
605 572 716 625 apud
741 570 917 612 Graecos
950 567 972 612 ὁ
1006 569 1136 624 μέσος
1163 571 1331 621 dieitur,
1364 572 1477 623 apud
1499 584 1614 623 quem
1632 572 1812 624 pifflwra,

118 647 262 700 clepone?
291 646 427 687 solent.
477 645 583 697 quod
611 643 846 684 vocabulum
879 642 929 683 ab
960 643 1155 694 sequendo
1191 642 1347 693 factum
1380 645 1452 692 est⁷
1490 643 1596 694 qnod
1626 642 1711 683 eins
1742 643 1812 694 (sui

117 718 259 759 electus
289 717 343 758 stt
372 719 543 768 utraque
573 727 677 768 pars
713 714 833 766 fidem
863 716 1066 766 sequatur.
1126 728 1219 753 cum
1259 712 1324 754 his
1366 712 1576 754 scholium
1616 713 1667 754 ad
1706 713 1812 753 Aen.

119 787 182 828 XI
230 788 310 828 133
364 786 621 840 adscriptum
677 784 1005 839 comparandum
1051 786 1140 824 est:
1203 799 1310 824 J’AcE
1365 798 1602 829 SEQJ'ESTRA
1658 785 1812 825 media:

117 860 329 911 namfflue]
361 860 556 910 seq-uester
586 860 643 898 est
675 858 784 908 [aut]
818 855 974 897 medius
1005 856 1110 896 inter
1141 855 1241 896 duos
1266 855 1522 907 altercantes,
1560 856 1667 906 [aut]
1702 857 1814 907 apud

118 943 234 983 quem
271 930 430 981 aliquid
465 929 521 970 ad
557 931 710 980 tempus
753 927 976 980 seponitur,
1016 927 1183 978 [dictum
1222 929 1356 966 autem
1393 940 1418 965 α
1456 927 1670 978 sequendo,
1709 926 1814 977 quod

120 1001 205 1042 etus
235 1001 306 1053 qut
337 1000 477 1041 electus
507 999 562 1040 stt
585 1001 756 1051 utraque
770 1011 874 1051 pars
893 998 1013 1050 fidem
1038 998 1249 1049 sequttmn]
1293 1010 1432 1049 pacem
1451 1010 1541 1049 erqo
1568 999 1814 1048 sequestram

123 1072 305 1113 indutias
345 1072 458 1124 dicit,
493 1071 515 1112 ι’.
548 1086 578 1112 e.
614 1083 758 1123 pacem
797 1068 1054 1121 temporalem
1085 1071 1121 1108 et
1156 1068 1332 1109 mediam
1369 1068 1475 1108 inter
1513 1067 1658 1108 bellum
1690 1081 1809 1119 prac-

122 1143 282 1183 terttum
313 1145 349 1183 et
376 1141 576 1193 ficturum.
589 1138 619 1196 1)
671 1140 721 1181 de
755 1139 795 1180 vi
827 1139 959 1193 igitur
986 1137 1247 1193 ‘sequester’
1281 1139 1394 1180 vocis
1417 1153 1511 1179 cum
1539 1138 1810 1179 consentiant

120 1213 233 1254 inter
276 1227 319 1253 se
362 1211 533 1253 Servius
576 1214 618 1252 et
659 1210 848 1252 Isidorus
890 1223 1026 1264 neque
1067 1212 1212 1251 tamen
1254 1210 1412 1250 eisdem
1453 1212 1633 1263 uterque
1674 1208 1814 1249 verbis

121 1299 221 1325 usus
255 1283 327 1337 sit,
367 1285 516 1325 contra
548 1296 655 1337 quae
689 1281 739 1323 de
773 1282 938 1336 origine
971 1280 1168 1323 vocabuli
1200 1280 1314 1320 illius
1347 1295 1371 1321 a
1403 1279 1664 1321 Floriacensi
1697 1279 1814 1320 scho-

120 1355 249 1395 liasta
281 1356 323 1395 et
354 1353 518 1395 Isidoro
551 1353 664 1394 dicta
697 1355 797 1393 sunt
836 1366 984 1394 eorum
1022 1366 1251 1393 consensus
1292 1366 1384 1392 cum
1426 1352 1554 1392 etiam
1595 1350 1646 1390 ad
1686 1350 1816 1391 verba

120 1425 351 1479 pertineat,
382 1424 550 1478 plenius
574 1423 708 1466 Servii
742 1423 957 1478 exemplar
984 1424 1037 1464 ab
1058 1422 1308 1478 Hispalensi
1335 1422 1533 1476 episcopo
1560 1436 1644 1462 non
1671 1423 1816 1475 potest

119 1497 357 1550 inspectum
391 1510 495 1536 esse.
546 1495 606 1536 sic
637 1495 780 1549 potius
814 1509 880 1536 res
910 1509 953 1535 se
980 1494 1139 1535 habere
1167 1494 1345 1534 videtur.
1397 1493 1545 1534 eodem
1573 1492 1735 1533 scholio
1764 1492 1816 1532 ad

121 1582 156 1609 v.
189 1567 215 1607 1.
248 1566 461 1620 adscripto
494 1581 580 1607 non
613 1566 760 1607 eodem
793 1565 917 1607 modo
952 1564 1123 1607 Servius
1155 1564 1343 1606 Isidorus
1376 1563 1661 1605 Floriacensis
1695 1563 1817 1604 scho—

121 1638 268 1679 liastes
300 1637 366 1678 usi
400 1640 510 1678 sunt.
562 1637 764 1678 nimirum
800 1636 971 1677 Servius
1004 1635 1113 1676 nihil
1145 1635 1241 1676 inde
1269 1635 1479 1676 derivavit
1512 1635 1592 1675 nisi
1627 1634 1738 1688 quod
1766 1633 1817 1674 ad

122 1711 275 1764 poetae
308 1708 438 1750 verba
470 1707 723 1762 explicanda
756 1721 862 1761 opus
903 1709 1012 1761 erat,
1050 1705 1260 1761 Isidorus,
1299 1706 1364 1746 cui
1402 1705 1646 1746 Luctatium
1685 1704 1819 1745 Placi-

123 1780 222 1821 dum
261 1779 312 1820 ad
352 1778 460 1822 Stat.
502 1778 633 1820 Theb.
664 1777 749 1819 VH
775 1777 860 1819 542
895 1777 1022 1832 addo,
1064 1777 1208 1818 omnia
1250 1777 1493 1831 exscripsit,
1532 1775 1817 1817 Floriacensis

121 1851 330 1904 interpres
364 1849 475 1904 quod
509 1864 532 1890 a
565 1849 712 1890 Servio
746 1849 951 1891 omissum
985 1863 1075 1890 esse
1107 1848 1281 1889 videbat
1308 1847 1535 1902 supplevit.
1583 1847 1818 1888 communis

123 1923 263 1964 autem
296 1935 441 1962 eorum
475 1922 623 1974 auctor
662 1934 711 1960 ex
743 1919 788 1961 P.
821 1918 988 1961 Lavinii
1022 1919 1071 1960 de
1104 1919 1243 1960 verbis
1284 1918 1466 1960 sordidis
1498 1918 1608 1959 libro
1643 1933 1718 1959 sua
1750 1932 1817 1971 pe·

122 1992 294 2046 tiverat‚
326 2006 375 2032 ex
409 2006 491 2046 quo
525 1990 687 2032 Gellius
721 1989 820 2046 (XX
846 1988 916 2046 11)
951 1991 1056 2032 haec
1089 1990 1252 2044 profert
1285 1989 1532 2043 ‘utrumque
1566 1989 1818 2030 vocabulum

123 2062 228 2118 (scil.
271 2062 420 2104 sculna
462 2064 504 2103 et
545 2060 784 2116 sequester)
827 2077 852 2103 a
894 2062 1105 2116 sequendo
1148 2061 1310 2102 factum
1344 2063 1427 2114 est,
1470 2059 1582 2114 quod
1625 2060 1713 2101 eius
1747 2059 1818 2113 qui

123 2134 281 2175 electus
315 2133 370 2174 sit
402 2135 583 2187 utraque
616 2148 714 2186 pars
743 2133 870 2174 fidem
904 2132 1140 2186 sequatur’.
1192 2132 1241 2174 cf.
1275 2131 1390 2173 Suet.
1412 2132 1526 2172 verb.
1548 2131 1632 2173 diff.
1653 2147 1695 2185 p.
1715 2131 1819 2183 276,

126 2206 175 2246 11
210 2204 456 2246 Reiffersch.

243 2274 311 2317 Or.
344 2273 448 2316 XIV
479 2275 524 2329 4,
557 2274 613 2315 20
651 2289 733 2328 qua
765 2273 1034 2329 paragrapho
1077 2273 1126 2314 de
1166 2272 1321 2314 Tuscia
1359 2273 1502 2328 agitur
1540 2271 1728 2313 Isidorus
1767 2271 1818 2311 iis

127 2361 233 2401 quae
267 2360 315 2386 ex
349 2344 483 2386 Servii
516 2344 568 2385 ad
601 2344 705 2386 Aen.
733 2344 774 2385 II
805 2345 885 2385 781
922 2343 1083 2384 scholio
1117 2344 1383 2398 deprompsit
1414 2344 1519 2385 haec
1551 2359 1597 2383 ex
1634 2342 1820 2383 eiusdem

126 2416 179 2458 ad
210 2416 315 2457 Aen.
346 2415 431 2457 XII
465 2416 547 2456 753
582 2414 745 2456 scholio
779 2415 1036 2468 interposuit
1083 2415 1251 2456 Vmbria
1289 2428 1380 2456 vero
1408 2428 1510 2468 pars
1545 2414 1727 2455 Tusciae.
1777 2413 1820 2452 in

124 2488 178 2529 iis
211 2502 317 2542 quae
349 2489 374 2539 ἓ
407 2487 459 2527 21
495 2486 544 2527 de
576 2484 758 2526 Vmbria
791 2485 904 2527 dicta
937 2488 1036 2527 sunt
1075 2486 1281 2540 quaedam
1322 2501 1417 2527 cum
1450 2484 1733 2526 Floriacensis
1768 2483 1817 2524 ad

124 2558 218 2600 XII.
267 2557 367 2599 libri
407 2572 575 2598 versum
614 2556 906 2599 additamento
948 2558 1230 2599 consentiunt.
1282 2557 1354 2598 sed
1393 2556 1516 2597 facile
1556 2555 1821 2610 intellegitur

125 2644 232 2684 quae
263 2628 332 2669 his
365 2628 470 2670 locis
510 2628 559 2668 de
592 2627 856 2669 Vmbrorum
896 2630 937 2669 et
976 2628 1142 2682 origine
1175 2631 1218 2669 et
1250 2628 1420 2669 nomine
1454 2627 1648 2681 exposita
1682 2625 1767 2667 sint
1799 2641 1822 2666 a

127 2699 263 2742 Servii
306 2699 484 2740 consilio
533 2700 672 2742 aliena
715 2714 817 2741 esse.
877 2714 1006 2754 quare
1048 2703 1096 2741 ut
1137 2699 1422 2741 Floriacensis
1465 2697 1717 2739 scholiastes
1760 2696 1821 2736 ita

126 2771 317 2812 Isidorus
359 2770 490 2811 alium
531 2772 747 2812 auctorem
790 2774 958 2813 secutus
1001 2773 1078 2812 est.
1138 2770 1188 2813 cf.
1231 2785 1290 2812 or.
1329 2770 1389 2811 IX
1428 2769 1471 2822 ⁶2,
1511 2769 1577 2809 87.
1638 2769 1821 2821 quaestt.

129 2842 246 2883 Serv.
276 2856 314 2895 p.
348 2841 385 2882 6.

247 2911 362 2960 Quae
395 2911 587 2953 Isidorus
627 2927 685 2954 or.
717 2912 796 2954 XV
829 2913 876 2967 2,
909 2914 964 2954 22
998 2912 1171 2967 scripsit
1209 2911 1339 2953 Porta
1380 2910 1529 2952 dieitur
1566 2909 1662 2961 quta
1693 2911 1822 2960 potest

127 2984 186 3025 vet
216 2983 432 3035 importare·
462 2983 621 3036 aliquid
651 2984 710 3025 vet
740 2985 963 3037 exportari,
994 2984 1161 3038 proprie
1192 2985 1326 3024 autem
1350 2984 1472 3034 porta
1505 2983 1577 3020 (tut
1607 2979 1720 3020 ‘urbis
1750 2983 1823 3019 aut

226 3134 258 3177 1)
286 3144 380 3177 quac
406 3133 510 3169 uncis
538 3133 729 3178 quadratis
755 3134 887 3170 inclusi
913 3133 1124 3179 pleniorum
1151 3133 1328 3167 librorum
1356 3132 1450 3166 sunt.
