2204 3437
391 166 475 206 646
1155 163 1313 199 SERVII

509 274 604 314 739.
656 285 829 315 SAEVVS
857 285 1025 316 ORIENS
1059 274 1187 316 solem
1212 276 1326 328 dicit,
1359 276 1477 317 cuius
1510 276 1583 316 lux
1609 278 1673 316 est
1699 276 1863 318 umbris
1889 276 2078 319 inimica:

390 344 498 386 unde
530 343 727 386 Lucanus
760 343 850 397 <VI
879 344 989 398 744>
1023 348 1071 386 et
1101 345 1264 386 medio
1297 345 1484 387 feriere
1516 345 1608 387 die.
1664 349 1730 388 est
1761 350 1904 389 autem
1936 348 2080 402 physi-

390 430 501 456 cum:
534 430 633 456 nam
666 417 844 469 pereunt
875 415 1052 456 umbrae
1085 416 1189 457 solis
1222 415 1417 457 adventu.

509 486 603 527 741.
654 497 833 528 AENEAS
861 497 954 536 Qvo
981 499 1154 528 DEINDE
1180 487 1311 529 RVIS‘?
1343 487 1447 528 ordo
1480 490 1564 528 est:
1601 487 1765 529 Aeneas
1799 488 1948 530 deinde
1980 488 2079 544 ‘quo

342 566 362 596 5
389 556 528 598 ruis'?

508 628 604 669 742.
655 639 783 677 QVEM
815 629 978 671 FVGIS‘?
1014 629 1137 683 quasi
1170 629 1374 683 ignorans
1406 628 1635 682 rationem,
1667 644 1750 683 qua
1780 630 1960 684 fugeret.

509 700 603 741 744.
655 710 807 741 CANAE
841 701 916 740 aut
947 700 1166 754 antiquae,
1200 702 1274 740 aut
1304 702 1480 753 propter
1510 699 1622 754 ignis
1654 700 1838 742 favillas.

508 770 603 812 745.
653 782 803 811 FARRE
835 782 912 812 PIO
953 771 1020 812 vel
1059 771 1159 825 quia
1196 771 1345 812 exinde
1383 771 1702 813 sacrificabant:
1743 771 1811 812 vel
1850 771 1949 826 quia
1987 787 2079 814 mos

388 842 472 882 fuit
498 841 609 896 apud
643 842 824 883 maiores
851 845 897 883 ut
924 842 1114 883 divinum
1146 842 1290 896 ignem
1317 842 1429 884 farre
1457 844 1691 884 servarent:
1724 843 1796 896 qui
1822 842 1858 884 si
1884 843 2080 884 durasset

319 921 362 951 10
388 912 433 953 in
473 912 654 953 alterum
698 912 826 966 diem,
873 927 967 954 eum
1013 915 1161 967 aptum
1206 912 1381 968 agendis
1425 913 1551 954 rebus
1595 913 1907 968 significabant.
1969 913 2078 966 ‘far'

387 987 522 1025 autem
551 984 748 1036 frumenti
779 987 885 1025 certa
915 984 1060 1037 species
1090 987 1162 1038 est,
1193 985 1297 1026 sicut
1326 984 1531 1026 adoreum.

509 1056 603 1097 746.
654 1067 831 1097 PRIMVM
866 1055 1114 1109 principem.

508 1127 602 1167 749.
653 1138 795 1186 HAVD·
814 1138 941 1168 MORA
974 1126 1056 1167 hoc
1087 1129 1153 1168 est
1185 1127 1299 1181 quod
1330 1127 1392 1168 ait
1424 1126 1564 1181 <711>
1597 1126 1663 1168 ‘et
1696 1127 1906 1182 coniunge
1937 1127 2079 1169 volen-

387 1197 503 1238 tem'.
605 1208 695 1238 NEC
723 1208 851 1239 IVSSA
882 1197 1171 1251 voluntatem,
1203 1200 1250 1239 ut
1283 1213 1412 1252 supra
1437 1198 1582 1252 <113>
1609 1198 1869 1240 infandum
1901 1198 2080 1252 regina

318 1276 359 1306 15
386 1268 530 1310 iubes
564 1283 812 1310 renovare
844 1268 1089 1310 dolorem:
1123 1271 1197 1310 aut
1229 1271 1341 1310 certe
1374 1284 1481 1323 quae
1513 1269 1705 1323 Iuppiter
1736 1270 1931 1311 iusserat.

505 1338 600 1381 750.
652 1351 1004 1381 TRANSCRIBVNT
1036 1352 1144 1381 vRss1
1178 1352 1358 1382 MATRES
1394 1340 1577 1382 Romani
1615 1341 1746 1382 moris
1784 1341 1959 1382 verbum
1996 1343 2078 1382 est:

386 1410 663 1465 etranscripti’
697 1410 808 1459 enim
841 1411 884 1451 in
918 1411 1109 1453 colonias
1143 1411 1471 1453 deducebantur.
1593 1424 1702 1453 VRBI
1736 1411 1789 1453 ad
1820 1412 1981 1453 urbem.

504 1482 598 1523 751.
649 1493 897 1524 DEPONVNT
931 1482 1052 1537 quasi
1086 1482 1136 1523 de
1169 1482 1361 1523 navibus.
1453 1494 1627 1525 ANIMos
1655 1496 1731 1525 ΝΠ,
1759 1495 1948 1525 MAGNAE
1975 1494 2016 1524 L.
2037 1494 2077 1524 E.

385 1556 459 1594 aut
491 1553 658 1595 Aeneas
691 1553 865 1607 deponit
898 1568 969 1595 eos
1004 1554 1074 1608 qui
1107 1553 1225 1594 nulla
1259 1553 1421 1609 gloriae
1455 1553 1687 1608 cupiditate
1720 1556 1971 1609 tanguntur:
2005 1557 2078 1595 aut

313 1631 357 1662 20
384 1624 430 1664 hi
463 1625 535 1678 qui
568 1618 691 1666 erant
721 1625 989 1679 transcripti,
1022 1624 1063 1665 id
1097 1627 1162 1666 est
1193 1627 1350 1665 matres
1384 1628 1426 1665 et
1458 1625 1692 1667 volentium
1726 1626 1977 1679 multitudo,
2009 1625 2077 1666 de-

383 1698 551 1749 ponunt
583 1696 766 1749 animos,
799 1695 839 1736 id
873 1696 939 1736 est
972 1694 1247 1735 summittunt
1277 1694 1468 1736 inertiae.

504 1767 598 1808 753.
649 1778 834 1808 ROBORA
867 1777 1074 1808 NAv1G11s
1107 1765 1256 1806 melius
1289 1765 1358 1807 hie
1391 1765 1682 1821 distinguitur.

505 1838 599 1879 754.
649 1849 811 1880 EXIGVI
849 1849 1042 1879 NVMERo
1081 1849 1168 1879 SED
1206 1849 1358 1879 BELLO
1398 1849 1559 1878 VIVIDA
1598 1826 1763 1879 VIRTvs
1808 1837 1982 1879 transiit
2025 1838 2077 1879 ad

384 1923 472 1950 rem
506 1924 530 1950 a
560 1924 750 1951 numero.

315 1988 357 2018 25
505 1980 599 2022 755.
648 1992 803 2022 VRBEM
836 1992 1070 2023 DESIGNAT
1104 1992 1286 2022 ARATRO
1326 1994 1450 2034 quem
1484 1978 1591 2020 Cato
1624 1979 1668 2020 in
1700 1980 1940 2034 originibus
1973 1980 2077 2023 dicit

386 2065 546 2092 morem
572 2051 715 2092 fuisse.
761 2052 1000 2093 conditores
1028 2051 1139 2093 enim
1167 2050 1354 2092 civitatis
1382 2053 1553 2091 taurum
1578 2050 1622 2091 in
1643 2051 1871 2102 dexteram,
1904 2066 2074 2093 vaccam

479 2195 523 2225 25
550 2190 640 2225 Cato
672 2191 710 2225 in
743 2190 959 2237 originibus]
996 2191 1010 2225 I
1038 2195 1081 2226 18
1108 2190 1201 2225 Iord.
1229 2193 1267 2225 et
1291 2190 1368 2226 Pet.
1414 2190 1459 2227 cf.
1486 2191 1570 2226 Isid.
1599 2202 1649 2226 or.
1677 2191 1743 2224 XV
1769 2195 1801 2234 2,
1829 2195 1858 2225 3.
1910 2191 2001 2227 Don.
2029 2191 2075 2226 ad

385 2239 465 2273 Ter.
493 2238 549 2272 ad.
577 2238 626 2272 IV
653 2243 684 2281 2,
712 2243 756 2273 44

478 2374 498 2403 2
532 2369 653 2404 medio
687 2369 819 2403 FNH
826 2370 873 2403 M
916 2369 1035 2403 medie
1062 2369 1097 2403 L
1141 2369 1262 2403 subito
1294 2369 1441 2403 Lucani
1472 2369 1692 2413 eaeemplaria
1727 2370 1739 2413 ΙΙ
1775 2369 1905 2403 feriere
1936 2368 1995 2403 die
2023 2369 2077 2404 F:

386 2416 471 2451 ferit
502 2427 586 2451 ense
623 2416 680 2451 die
708 2417 749 2450 N
788 2416 944 2450 feriente
970 2416 1029 2450 die
1056 2416 1089 2449 L
1132 2416 1266 2450 feriens
1293 2416 1382 2450 eche
1408 2416 1452 2450 H
1489 2416 1642 2450 feriente
1676 2415 1773 2450 diem
1803 2416 1850 2449 ill
1892 2416 1978 2450 ferit
2009 2428 2076 2451 axe

386 2464 482 2498 diem
510 2463 714 2507 Stephanus
733 2465 745 2507 ΙΙ
771 2468 790 2498 3
818 2464 919 2508 nam]
946 2475 1019 2497 non
1048 2463 1087 2497 H
1103 2464 1115 2507 11
1134 2457 1291 2507 pareunt
1316 2463 1356 2497 F
1371 2465 1382 2507 ΙΙ
1402 2464 1601 2498 aduentum
1630 2463 1668 2497 F
1703 2463 1862 2497 aduenta
1888 2463 1931 2497 H
1945 2464 1957 2507 ΙΙ
1977 2468 1996 2498 6
2023 2464 2075 2497 fu-

387 2522 474 2555 gare
503 2511 542 2544 F
582 2511 756 2555 fugerunt
781 2511 823 2545 H
856 2512 868 2552 Η
906 2515 923 2544 7
951 2511 1121 2545 scholium
1148 2511 1196 2544 ad
1222 2509 1342 2545 Canae
1362 2514 1447 2554 post
1472 2511 1643 2545 scholium
1669 2511 1717 2544 ml
1743 2509 1852 2544 Farre
1886 2510 1945 2555 pio
1972 2512 2074 2545 collo-

386 2562 505 2592 catum
530 2559 659 2592 habent
686 2559 727 2591 N
730 2558 815 2591 LH
822 2558 867 2591 M
903 2559 914 2601 ΙΙ
952 2562 971 2591 9
999 2557 1170 2601 maiores]
1206 2568 1366 2592 morai-es
1393 2558 1436 2591 II
1467 2558 1625 2591 maiores
1657 2569 1699 2591 eac
1729 2557 1884 2592 moiores
1911 2558 1959 2591 M
1987 2559 1999 2602 Η
2032 2562 2074 2592 10

387 2606 531 2649 agentis
558 2605 600 2639 Il
626 2607 638 2649 ΙΙ
675 2604 908 2649 significabat
933 2605 990 2645 Η,
1021 2606 1173 2647 sbrtasse
1199 2608 1287 2639 recte
1317 2605 1328 2649 ΙΙ
1366 2604 1639 2650 significabant]
1672 2604 1848 2638 Horatius
1876 2606 1996 2647 (carm.
2024 2605 2075 2639 111

388 2658 450 2694 23,
478 2654 534 2695 18)
571 2652 663 2687 ‘non
696 2655 910 2695 sumptuosa
941 2652 1111 2686 blandior
1142 2651 1265 2685 hostia
1290 2652 1453 2686 mollibit
1479 2663 1626 2686 aversos
1651 2653 1804 2696 penates
1830 2651 1925 2686 farre
1950 2651 2011 2696 pio
2039 2653 2076 2687 et

388 2699 539 2733 saliente
567 2700 682 2734 mica’
711 2702 748 2734 et
773 2699 941 2733 Tibullus
970 2699 1033 2742 (III
1059 2703 1091 2742 4,
1120 2703 1176 2741 10>
1205 2698 1315 2732 ‘farre
1342 2699 1402 2743 pio
1429 2699 1580 2743 placant
1605 2700 1643 2733 et
1667 2699 1821 2733 saliente
1847 2698 1950 2734 sale’.
1989 2700 2073 2734 add.

390 2747 593 2781 Masvz'ec‘us
612 2748 624 2791 ll
653 2746 926 2791 significabant]
953 2758 1085 2780 Aenum
1112 2745 1149 2779 id
1175 2748 1230 2780 cst
1254 2757 1339 2780 arca
1365 2746 1536 2780 thuralis:
1564 2746 1601 2779 id
1627 2746 1723 2789 quod
1751 2746 1914 2780 continet
1939 2757 2005 2790 pro
2031 2757 2074 2780 eo

387 2794 484 2837 quod
511 2794 720 2828 continetur
746 2794 829 2828 add.
858 2794 895 2827 D
914 2795 925 2837 ΙΙ
954 2798 995 2827 16
1021 2805 1276 2827 TRASSCRIBVNT
1304 2794 1337 2826 L
1375 2806 1651 2827 iffmxsscnmvxr
1683 2793 1747 2837 ΗΙΙ
1775 2797 1815 2826 17
1843 2791 2073 2837 transscripti

387 2841 481 2875 LH.
527 2845 677 2875 ceterum.
709 2842 756 2875 acl
784 2853 811 2874 c.
841 2845 907 2875 750
940 2844 980 2874 in
1004 2851 1115 2884 marga.
1148 2840 1366 2874 fl'uronensis
1397 2842 1428 2874 is
1459 2842 1522 2884 qui
1554 2841 1751 2874 tironianis
1781 2841 1876 2874 *notis
1907 2851 1993 2873 usus
2025 2844 2074 2874 est

387 2889 471 2922 haec
497 2889 691 2932 adscripsit
723 2888 996 2922 Transcribunt.
1047 2887 1208 2921 Verbum
1242 2888 1298 2921 est
1332 2889 1490 2922 tractum
1517 2898 1539 2921 a
1564 2898 1716 2922 romana
1746 2887 1838 2931 lege.
1889 2885 1945 2920 illi
1976 2886 2072 2921 enim

389 2935 605 2970 dicebantur
636 2935 832 2970 transcribi
864 2936 926 2978 qui
953 2946 975 2969 a
1000 2934 1160 2969 romanis
1191 2933 1227 2967 in
1259 2934 1421 2972 colonias
1453 2935 1704 2968 mittebantur.
1742 2934 1754 2978 ΙΙ
1794 2937 1834 2968 18
1861 2945 1989 2967 AN1MOS
2016 2947 2073 2968 ΝΠ.

387 2994 530 3016 ›momn-
559 2997 586 3017 ι..
610 2997 639 3016 Ε.
666 2993 730 3016 om.
750 2982 789 3016 F
816 2983 828 3027 ΙΙ
862 2986 902 3016 19
929 2982 1176 3026 tangebantur
1203 2980 1242 3014 F
1268 2982 1280 3025 ΙΙ
1311 2986 1354 3015 20
1380 2981 1611 3025 transscripti
1637 2981 1721 3015 LH
1747 2983 1759 3025 ΙΙ
1789 2979 1978 3015 uolentum
2004 2980 2037 3014 L
2062 2980 2073 3025 j}

388 3033 427 3062 21
459 3029 644 3063 submittit
669 3029 712 3062 H
737 3030 749 3074 ΙΙ
780 3033 822 3063 22
851 3029 910 3063 hic
938 3029 991 3063 F:
1018 3028 1069 3063 sic
1096 3029 1226 3071 reliqui
1256 3029 1268 3071 ΙΙ
1299 3028 1514 3073 distingitur
1540 3029 1583 3062 H
1606 3030 1618 3073 ss
1648 3033 1692 3063 23
1718 3027 1853 3062 transit
1877 3027 1920 3061 Η
1939 3028 1951 3072 ΙΙ
1982 3031 2026 3062 24
2052 3039 2074 3062 a

389 3087 452 3109 om.
481 3076 518 3109 1⁴V
546 3078 558 3120 11
595 3080 638 3110 25
666 3076 867 3118 originibus
894 3076 948 3110 F:
981 3075 1220 3120 originalibus
1247 3076 1384 3109 NLM
1420 3075 1676 3119 oregenalibus
1703 3075 1745 3109 H
1770 3075 1782 3118 ΙΙ
1819 3079 1862 3109 26
1890 3074 2072 3109 condituri

391 3123 486 3157 enim
514 3123 684 3158 ciuitates
712 3123 751 3157 F
773 3127 803 3157 et
830 3123 1033 3168 &tephanus
1051 3124 1062 3167 ΙΙ
1087 3122 1238 3157 dextera
1264 3122 1303 3156 F

2200 258 2204 275 1

2200 288 2204 324 ff

2200 325 2204 342 l
