2204 3437
543 165 693 202 COMM.
721 166 771 200 IN
797 165 938 201 VERG.
965 165 1074 199 AEN.
1102 166 1144 199 II.
1172 170 1368 200 421—441.
1719 167 1801 207 287

111 273 366 327 sacrilegum
398 272 541 327 datur,
574 275 641 315 vel
669 288 762 315 cum
789 276 992 328 sequatur
1024 272 1195 314 ‘confixi
1222 288 1247 314 a
1273 273 1433 314 sociis’.
1531 290 1709 314 iucufflwr
1746 275 1805 315 vel

101 357 180 396 pro
205 344 430 396 perierunt.
550 355 740 385 PANTHV
772 344 992 385 vocativus
1027 342 1211 384 Graecus
1245 346 1321 384 est.

226 414 324 455 431.
372 426 513 455 1L1AC1
553 425 746 455 CINERES
790 414 984 455 naturale
1023 416 1088 454 est
1124 414 1263 454 iurare
1308 429 1383 468 per
1423 414 1467 454 id
1511 414 1620 468 quod
1660 429 1805 455 carum

111 483 204 537 quis
236 483 400 524 habuit.
451 486 493 524 et
519 486 761 534 excusatur,
794 487 840 525 ut
873 499 1003 538 supra
1029 483 1171 536 <415>
1206 483 1409 538 diximus,
1442 486 1555 539 fuga.
1606 499 1694 538 erqo
1723 486 1807 538 fuit

108 555 378 595 necessarium
420 555 722 596 iusimundmn.
842 572 1023 596 mmmm
1070 568 1170 595 uum
1217 555 1303 595 ‘ideo
1349 554 1545 596 ‘esctrema
1590 556 1805 611 meorum),
1832 564 1851 594 5

109 625 216 676 quod
244 625 460 679 existimet,
493 625 598 666 nihil
628 639 676 667 0oe
707 639 753 666 ca
783 625 1014 678 superesse?

227 695 324 736 432.
375 707 551 737 TESTOR
582 696 809 737 testificor:
841 698 884 737 et
915 695 1034 737 deest
1067 694 1199 736 evos'.

226 765 324 807 433.
373 777 504 808 VICES
550 779 733 820 pugnas,
780 766 880 820 quia
922 780 997 820 per
1039 766 1381 807 vicissitudinem
1421 769 1713 823 pugnabatur,
1759 773 1806 811 ut

111 835 340 877 Sallustius
367 836 501 878 docet.
551 836 734 890 legimus
762 837 892 878 etiam
919 851 1079 891 poenas
1106 836 1251 878 ‘vices'
1279 837 1379 878 dici:
1411 837 1619 879 Horatius
1648 840 1804 880 vices-

110 921 200 961 que
233 907 485 961 superbae
517 910 566 949 te
598 910 838 949 maneant
869 908 1045 962 ipsum.
1102 908 1175 949 sed
1208 908 1259 949 de
1290 908 1405 950 bello
1438 913 1691 963 usurpatum
1723 914 1806 965 est3
1836 920 1877 950 10

107 977 274 1018 nullum
307 978 420 1019 enim
451 978 663 1032 proelium
696 982 813 1020 earet
843 979 1044 1032 periculo.
1106 980 1230 1032 [erqo]
1266 978 1406 1020 ‘vices'
1432 981 1628 1033 pericula.

224 1049 322 1090 434.
372 1060 598 1091 MERVISSE
626 1061 755 1091 MANV
788 1051 926 1090 testor
957 1064 1023 1090 me
1056 1050 1278 1104 meruisse,
1310 1050 1353 1090 id
1385 1053 1450 1092 est
1481 1051 1654 1092 fortiter
1686 1052 1806 1093 dimi-

108 1134 244 1161 casse:
285 1120 330 1161 111
367 1120 480 1161 enim
519 1123 736 1162 merentur
774 1120 921 1162 occidi.
983 1120 1091 1161 bene
1130 1122 1274 1161 autem
1304 1111 1500 1163 ’evasisse
1534 1137 1577 1163 36
1609 1122 1713 1164 fatis
1746 1124 1806 1164 in-

106 1193 249 1245 putat,
294 1205 388 1232 cum
431 1193 521 1232 tam
566 1205 712 1245 senex,
757 1205 885 1245 quam
926 1189 1078 1232 debilis
1119 1190 1282 1244 Iphitus
1322 1195 1359 1232 et
1397 1192 1536 1233 Pelias·
1580 1194 1804 1248 evaserint,

107 1261 257 1303 occisis
301 1262 539 1304 iuvenibus.
660 1279 907 1304 DIVELLIMVR
937 1262 994 1303 sic
1035 1263 1157 1317 dixit,
1200 1263 1320 1315 quasi
1361 1267 1532 1318 accuset,
1576 1266 1682 1317 quod
1723 1279 1806 1306 non
1835 1276 1875 1305 15

99 1333 311 1385 perierint.

224 1404 323 1445 436.
378 1421 557 1446 ΠνίΝΕκΕ
590 1421 698 1445 VLJXJ
725 1405 831 1456 qnod
862 1404 925 1445 ‘illc'
964 1403 1101 1445 Vlixes
1132 1405 1352 1456 inflixerat.

225 1475 323 1516 437.
372 1491 561 1517 PROTINVS
578 1492 630 1516 AD
650 1491 770 1516 SEDES
787 1492 926 1516 mmm
947 1476 1120 1516 servavit
1139 1476 1338 1527 ordinem,
1363 1480 1410 1517 ut
1425 1477 1564 1529 primo
1584 1479 1630 1519 de
1649 1481 1805 1532 patria,

100 1548 196 1597 post
219 1546 266 1586 de
288 1559 377 1599 resse
402 1546 613 1586 amaverit.
660 1544 874 1598 ‘protinus’
906 1545 970 1586 laic
995 1547 1153 1596 statim,
1185 1547 1286 1588 alibi·
1308 1561 1436 1600 porro
1469 1552 1593 1590 telius.
1703 1562 1805 1591 CLA-

108 1627 234 1657 MORE
261 1616 416 1657 bellico
445 1616 621 1657 scilicet.
724 1633 858 1658 vocum
879 1617 1093 1658 clamorem
1118 1619 1251 1659 seeutb.
1350 1630 1593 1660 INGENTEM
1619 1633 1805 1662 PveNAM
1832 1630 1876 1661 20

107 1686 280 1741 merito,
319 1686 476 1741 quippe
507 1686 553 1727 in
585 1686 711 1728 domo
745 1687 882 1742 regia,
918 1688 989 1729 ubi
1018 1692 1091 1729 aut
1126 1692 1248 1741 caput
1277 1690 1337 1730 rei
1370 1691 1555 1742 publicae
1591 1695 1694 1746 crat,
1735 1697 1809 1734 aut

107 1757 158 1798 de
190 1771 275 1811 qua
306 1757 442 1798 maior
474 1772 570 1810 spes
604 1760 696 1798 erat
727 1758 922 1812 praedae.

224 1828 322 1869 439.
366 1845 517 1870 FORENT
532 1842 611 1882 pro
637 1832 773 1870 essent.
864 1841 1183 1871 MORERENTVR
1207 1845 1293 1872 non
1318 1835 1578 1887 pugnarent,
1605 1836 1653 1874 ut
1679 1849 1806 1888 supra

109 1899 252 1953 <411>
287 1899 553 1954 oriturque
586 1900 876 1941 miserrima
908 1901 1098 1942 caedes.

225 1970 324 2011 441.
374 1982 492 2012 ACTA
525 1982 785 2013 TESTVDINE
820 1971 1042 2026 adplicita,
1074 1973 1133 2014 vel
1163 1987 1265 2026 quom
1295 1974 1500 2027 ayebatur.
1831 1986 1874 2015 25

201 2126 221 2156 3
248 2122 415 2157 naturale
442 2123 497 2157 est
523 2134 552 2158 e.
579 2135 613 2167 q.
641 2124 683 2168 s.]
714 2123 757 2158 cf.
785 2123 877 2158 Don.
905 2123 951 2158 ad
978 2123 1059 2158 Ter.
1086 2124 1199 2158 Andr.
1227 2125 1277 2159 ΙΙΙ
1304 2130 1336 2168 3,
1358 2127 1449 2170 9119
1478 2126 1692 2172 Sallustius]
1720 2127 1804 2163 hist.

107 2168 238 2214 fragm.
263 2169 332 2204 inc.
360 2174 403 2204 89
429 2170 492 2204 Kr.
521 2172 532 2215 ΙΙ
562 2170 752 2216 Horatius]
780 2182 889 2207 carm.
918 2172 932 2205 I
960 2175 1020 2215 28,
1048 2176 1090 2205 32
1123 2173 1134 2216 Ι]
1174 2176 1213 2206 17
1243 2173 1340 2216 (111οᾱ
1365 2173 1421 2207 1111
1448 2174 1573 2209 Ulixes
1606 2174 1804 2220 inflixerat]

110 2216 155 2251 cf.
182 2215 322 2251 Gellius
347 2216 397 2251 IX
425 2221 485 2262 12,
514 2222 556 2252 17

206 2361 223 2392 1
260 2358 320 2393 vel
352 2369 435 2393 cum
468 2360 640 2403 sequatur
672 2359 718 2393 F.
746 2359 961 2394 Schoellius:
996 2361 1038 2394 ut
1069 2372 1151 2395 cum
1185 2363 1359 2405 sequatur
1385 2362 1469 2395 LH
1475 2363 1523 2396 M
1528 2362 1568 2395 E
1609 2365 1646 2397 et
1678 2374 1804 2398 conse-

109 2405 245 2448 quatur
278 2405 308 2439 0
349 2416 432 2440 eum
467 2408 640 2450 sequatur
673 2406 862 2441 Leidensis
886 2407 1099 2442 Burmanni
1129 2420 1215 2442 nam
1242 2409 1406 2452 sequitur
1431 2409 1640 2444 Fabricius,
1690 2412 1805 2453 possis

111 2456 142 2486 et
166 2463 209 2486 esc
238 2452 383 2487 Tiberio
407 2453 556 2487 Donato
582 2454 630 2488 ad
655 2454 751 2487 hunc
774 2465 806 2488 v.
832 2455 997 2498 supplere
1023 2468 1177 2490 PEREVNT
1208 2458 1365 2500 augetur
1398 2456 1687 2500 commiseratio,
1722 2469 1803 2491 eum

111 2500 284 2543 sequatur
313 2500 325 2543 ΙΙ
362 2500 504 2535 confixa
528 2500 636 2535 sociis
665 2500 694 2534 C
722 2502 733 2545 Ι]
770 2505 789 2534 2
824 2503 879 2536 est
912 2513 1041 2545 grecus
1069 2502 1099 2536 O
1126 2504 1138 2546 ΙΙ
1175 2506 1195 2535 4
1223 2502 1303 2546 quis
1329 2503 1460 2537 habuit
1485 2504 1583 2538 LH:
1608 2504 1804 2539 habuimus

111 2545 141 2580 Ο
148 2546 196 2580 Μ
202 2547 214 2580 l
221 2558 238 2580 e
273 2547 406 2582 habuit
431 2548 470 2581 E
486 2549 497 2591 ΙΙ
517 2549 558 2582 ut
583 2559 693 2593 supra
719 2548 857 2582 dictum
886 2548 916 2583 G
938 2550 949 2593 ΙΙ
975 2552 994 2583 5
1020 2561 1106 2583 num
1134 2551 1314 2593 mmmm
1338 2562 1434 2585 vum.
1461 2561 1527 2585 rec.
1555 2552 1595 2585 in
1623 2551 1652 2586 G
1673 2553 1685 2595 1]
1711 2556 1729 2586 7
1758 2553 1806 2586 ml

110 2604 142 2628 v.
169 2597 236 2628 432
263 2593 408 2639 Testor]
434 2594 622 2630 testificor.
667 2596 711 2630 *et
736 2595 840 2630 deest
867 2596 977 2631 ‘uos’.
1007 2597 1043 2630 P
1065 2598 1076 2641 Ι]
1108 2601 1128 2631 8
1155 2598 1204 2631 ad
1228 2608 1258 2631 v.
1286 2602 1353 2631 433
1380 2598 1505 2643 Vices]
1533 2610 1692 2643 pugnas,
1719 2598 1805 2642 quia

107 2651 174 2684 per
198 2640 490 2676 uicissitudinem
516 2642 762 2690 pugnabatur.
791 2643 827 2676 P
844 2645 855 2688 Ι]
874 2646 915 2678 ut
941 2645 978 2678 et
1004 2644 1184 2678 Salustius
1213 2645 1260 2678 M
1278 2646 1328 2688 119
1356 2645 1446 2679 dicit
1473 2646 1501 2680 G
1518 2647 1529 2689 ΙΙ
1558 2650 1599 2680 10
1626 2647 1803 2691 superbae

108 2691 174 2722 om.
202 2688 232 2722 Ο
259 2689 272 2732 1]
308 2689 353 2723 (16
383 2689 500 2734 bello]
534 2700 553 2724 e
579 2689 678 2724 bello
705 2690 754 2724 H.
798 2692 841 2724 ut
870 2690 1010 2725 dictum
1043 2692 1126 2726 add.
1154 2691 1371 2734 Fabricius,
1405 2693 1536 2727 duetus
1563 2694 1646 2728 add.
1673 2694 1770 2727 Lama
1795 2696 1796 2730 l

111 2738 151 2768 11
173 2735 315 2769 nullum
335 2735 432 2770 enim
450 2736 633 2781 proelium
654 2738 756 2771 caret
774 2738 938 2781 periculo
962 2739 1087 2773 dubito
1107 2750 1194 2773 num
1215 2739 1334 2773 Servii
1352 2741 1426 2773 sint
1444 2741 1455 2784 ΙΙ
1475 2740 1638 2784 pericula
1657 2741 1804 2783 scripsi.-

108 2781 265 2825 periculi
292 2782 328 2817 C.
369 2783 413 2825 cf.
440 2784 489 2818 acl
514 2784 604 2817 Aen.
631 2784 788 2818 111376:
816 2786 854 2819 et
878 2785 939 2819 hie
968 2785 1096 2820 ‘vices’
1126 2785 1415 2830 vicissitudines,
1443 2787 1531 2821 alibi
1558 2787 1738 2829 pericula,
1767 2788 1805 2820 ut

112 2828 300 2864 ‘vitavisse
326 2829 423 2864 vices
448 2830 645 2864 Danaum’.
666 2832 677 2875 Ι]
698 2835 740 2864 12
767 2832 881 2865 testor
906 2843 964 2866 me
990 2833 1164 2867 meruisse
1190 2844 1255 2867 om.
1285 2834 1316 2866 J.
1337 2834 1348 2876 ΙΙ
1369 2845 1426 2868 ine
1452 2845 1516 2867 om.
1546 2834 1629 2867 (ΖΜ
1646 2836 1658 2877 Η
1682 2838 1720 2867 13
1748 2834 1802 2878 hi]

97 2875 161 2909 'dii
182 2876 239 2921 ΟΙ]
258 2876 418 2911 euasisse
445 2888 483 2912 se
510 2878 575 2912 Ol:
601 2877 762 2912 euasisse
780 2878 908 2913 LHE
944 2879 1197 2924 euassisseque
1224 2891 1261 2914 se
1285 2881 1329 2913 M
1348 2882 1360 2924 1]
1382 2885 1423 2913 14
1451 2880 1609 2924 Iphitus]
1637 2882 1720 2914 litus
1749 2881 1778 2914 G

110 2923 269 2957 euaserit
293 2924 376 2958 LE
410 2923 611 2968 (euaserint
636 2927 666 2967 0)
691 2926 704 2968 ΙΙ
734 2928 775 2958 15
802 2928 970 2960 aceusset
997 2926 1060 2971 01]
1094 2931 1133 2961 17
1162 2928 1211 2961 (αἱ
1235 2938 1265 2961 r.
1293 2932 1360 2960 4313
1388 2927 1547 2961 Vulnere
1578 2928 1689 2972 Ulixi]
1718 2927 1805 2971 quia

109 2969 166 3003 illi
191 2970 316 3005 Ulixes
341 2970 535 3006 inflixerat.
561 2971 623 3015 ΡΙ]
646 2975 686 3005 18
713 2973 761 3006 ad
779 2983 811 3007 v.
832 2977 898 3007 437
927 2973 1114 3019 Protinus]
1143 2973 1203 3007 hic
1232 2974 1400 3007 ‘statim’.
1440 2974 1528 3008 alibi
1557 2974 1649 3017 (alii)
1680 2975 1803 3017 ‘porro

109 3017 242 3053 tenus'.
266 3017 329 3062 ΡΙ]
348 3018 508 3065 prisss‘fflO
537 3018 566 3053 C
589 3018 745 3062 (priamo
771 3020 857 3063 fuit)
877 3021 889 3064 Ι]
910 3025 951 3054 19
979 3023 1152 3065 protenus
1180 3021 1237 3064 (11]
1263 3026 1305 3054 23
1333 3022 1381 3054 acl
1406 3032 1436 3054 r.
1465 3026 1531 3054 439
1560 3021 1710 3067 Forent]
1738 3034 1803 3066 pro

114 3062 278 3099 τ63661113.
309 3065 344 3097 P
361 3066 373 3109 1]
398 3069 441 3100 25
469 3067 518 3100 cul
542 3078 573 3101 ²⁷.
601 3069 667 3099 441
697 3067 790 3100 Acta
815 3067 998 3102 testudine
1026 3068 1214 3113 (testimon
1241 3067 1436 3112 applicita,
1465 3068 1523 3102 1161
1549 3080 1642 3112 quac
1669 3070 1804 3114 ageba-

111 3110 182 3145 tur.
212 3110 247 3143 P
268 3112 280 3155 1]
308 3112 516 3157 applicatae
545 3113 575 3148 (J
