2132 3354
840 147 844 151 >
860 121 1148 157 PRAEFATIO.
1796 120 1845 153 XI

152 233 380 276 sententia:
426 233 532 274 alios
565 233 700 273 iussus
731 230 840 272 illud
871 230 933 270 ita
964 228 1256 282 interpretari,
1295 228 1416 281 quasi
1449 230 1673 268 ventorum
1707 228 1846 269 mode-

152 306 263 347 ratio
296 319 383 345 non
414 307 504 345 tam
538 319 562 344 a
594 302 661 343 dei
694 301 871 342 alicuius
905 299 1081 341 libidine
1108 314 1236 353 quam
1264 298 1317 339 ab
1344 298 1444 338 anni
1470 300 1709 351 temporum
1737 313 1846 339 com-

154 375 465 418 mutationibus
509 373 703 428 pendeat.
766 374 914 413 contra
948 370 1159 412 Schoellio
1205 369 1279 423 qui
1322 369 1404 409 hoc
1447 368 1654 409 scholium
1702 369 1848 409 eodem

152 447 366 501 pertinere
406 448 550 487 censet
591 458 673 499 quo
705 442 811 484 illud
845 441 957 496 quod
990 441 1042 482 ad
1074 456 1112 482 V.
1146 441 1198 481 77
1232 455 1316 481 uno
1350 438 1598 481 Cassellano
1633 442 1848 480 servatum

154 521 218 559 est
255 518 435 571 spectet,
479 518 526 556 ut
564 515 798 569 explicetur
837 527 911 553 cur
942 511 1103 553 Aeolus
1143 511 1216 565 qui
1255 525 1279 551 a
1310 509 1411 551 Iove
1452 514 1677 551 ventorum
1709 513 1850 551 rector

154 588 293 629 factus
334 588 407 640 sit,
450 587 562 627 idem
592 585 746 627 Iunoni
784 584 1060 637 obsequatur,
1104 596 1190 622 non
1227 581 1563 634 transpositione
1603 581 1674 621 sed
1715 595 1850 621 emen-

155 659 325 701 datione
365 658 592 699 verborum
626 670 731 710 opus
765 669 857 696 esse
890 653 1068 695 videtur.
1124 652 1230 693 haec
1262 652 1394 706 igitur
1427 651 1688 692 scholiasten
1721 651 1850 704 scrip-

155 729 262 771 sisse
306 728 583 783 sagacissime
627 726 809 768 coniecit
853 726 930 766 alii
972 725 1107 765 iussus
1149 724 1209 764 ita
1251 723 1507 775 iutelleyzmt:
1557 736 1583 762 α
1624 722 1718 763 Iove
1761 735 1851 762 cum
1892 729 1896 731 ‘

156 799 358 840 iuberetur
392 803 485 840 time
515 799 586 839 hoc
614 798 784 850 faceret‚·
826 797 919 847 alii,
956 796 1056 848 quia
1087 794 1244 836 Iunoni
1281 794 1440 846 obsequi
1476 807 1558 834 uon
1583 797 1732 846 posset,
1767 793 1851 833 ita:

153 870 479 924 administraret,
523 872 570 910 ut
605 869 727 909 etiam
763 868 900 909 iussus
936 870 1039 917 erat,
1082 866 1301 907 secuudum
1338 865 1582 905 desiderium
1619 868 1852 916 temporum,

154 940 235 981 hoc
274 943 357 982 est:
396 941 472 982 alii
510 940 658 981 dicunt
688 938 873 979 Aeolum
913 952 937 978 a
968 937 1069 978 Iove
1108 937 1273 977 iussum
1312 937 1463 976 ventos
1497 934 1723 984 moderari,
1766 934 1853 987 alii,

155 1013 203 1051 ut
241 1011 522 1066 intellegatur
561 1024 645 1063 qua
683 1024 727 1050 re
764 1009 917 1050 Iunoni
959 1007 1132 1062 roganti
1171 1007 1244 1047 ille
1285 1006 1512 1048 obsecutus
1547 1005 1620 1058 sit,
1664 1007 1854 1058 monent,

156 1096 252 1123 cum
284 1081 446 1123 Aeolus
479 1082 583 1122 item
616 1080 756 1121 iussus
791 1080 847 1120 sit
879 1078 1111 1120 secundum
1142 1080 1385 1130 temporum
1419 1076 1675 1117 desiderium
1700 1077 1851 1117 ventos

155 1167 319 1208 regere,
350 1153 442 1194 fieri
473 1151 668 1206 potuisse
701 1152 749 1191 ut
781 1164 829 1190 eo
865 1149 1035 1190 nomine
1067 1148 1243 1189 Iunonis
1276 1148 1489 1200 imperata
1520 1146 1693 1187 faceret.

271 1223 335 1265 De
369 1223 543 1265 scholiis
588 1224 731 1263 autem
770 1220 822 1262 ad
861 1220 964 1261 mihi
1001 1225 1113 1261 iussa
1150 1232 1350 1272 capessere
1385 1218 1454 1270 fas
1492 1221 1549 1259 est
1587 1217 1642 1272 (v.
1677 1215 1750 1273 77)
1783 1217 1852 1257 ad-

155 1295 326 1349 scriptis
377 1294 574 1349 equidem
618 1293 678 1334 sic
722 1292 869 1346 putavi
911 1290 1186 1332 iudicandum
1231 1304 1341 1331 esse:
1387 1288 1552 1343 vulgati
1598 1289 1852 1342 scriptorem

156 1365 243 1407 ‘fas
277 1365 361 1407 est'
394 1366 502 1407 illud
533 1379 609 1420 per
641 1363 904 1405 contrarium
936 1362 1133 1416 intellegi
1166 1361 1370 1414 voluisse,
1413 1362 1461 1401 ut
1494 1360 1605 1401 idem
1640 1359 1852 1413 significa—

157 1439 224 1478 ret
257 1437 369 1492 quod
402 1436 543 1478 enefas
577 1438 642 1476 est
672 1433 780 1476 non’
815 1436 857 1474 et
888 1434 983 1488 plus
1018 1434 1131 1474 esset
1158 1447 1286 1486 quam
1313 1430 1474 1485 ‘licet'3
1508 1431 1684 1472 alterius
1712 1432 1854 1471 autem

157 1508 309 1549 scholii
342 1508 453 1563 quod
484 1494 760 1561 transpositis
794 1508 836 1546 et
867 1505 1046 1545 mutatis
1080 1504 1219 1545 verbis
1246 1517 1345 1544 uam
1371 1516 1460 1543 cum
1486 1502 1584 1543 dicit
1604 1536 1611 1543 .
1633 1535 1640 1542 .
1662 1535 1669 1542 .
1690 1502 1855 1554 implere

154 1582 364 1632 praecepta
395 1592 671 1633 recuperasse
702 1577 897 1630 videbar,
935 1575 1045 1616 hanc
1084 1589 1175 1616 esse
1214 1573 1488 1616 sententiam:
1537 1572 1719 1614 Aeolum
1759 1587 1852 1613 cum

158 1649 437 1703 responderet
468 1649 532 1690 fas
566 1649 649 1689 sibi
682 1662 772 1689 esse
806 1647 921 1688 iussa
953 1660 1195 1700 capessere,
1233 1659 1319 1686 non
1351 1644 1393 1685 id
1425 1642 1584 1684 dixisse
1616 1644 1728 1697 quod
1762 1658 1854 1684 sen-

157 1720 276 1775 tiret3
307 1735 407 1761 nam
435 1734 693 1774 quamquam
718 1718 993 1772 promitteret
1011 1716 1166 1758 Iunoni
1186 1730 1230 1757 se
1251 1716 1554 1757 obsecuturum
1575 1728 1679 1769 esse,
1710 1717 1854 1755 tamen

157 1805 243 1832 non
274 1791 408 1832 videri
441 1805 537 1832 eum
569 1790 768 1844 ignorare
802 1803 929 1843 quam
961 1788 1155 1842 iniquum
1189 1789 1302 1828 esset
1335 1785 1446 1840 quod
1479 1785 1556 1826 illa
1589 1788 1765 1839 peteret.
1812 1785 1854 1825 in

158 1862 268 1903 hanc
314 1862 570 1903 sententiam
614 1863 662 1902 ut
694 1858 933 1901 Cassellani
978 1858 1229 1899 memoriam
1274 1857 1569 1910 detorquerem
1615 1858 1657 1896 et
1695 1856 1854 1897 Tiberii

158 1932 319 1974 Donati
358 1933 613 1974 auctoritate
647 1934 689 1972 et
720 1945 769 1972 ea
799 1945 844 1971 re
877 1929 1084 1971 adductus
1118 1944 1211 1970 sum
1245 1928 1357 1983 quod
1389 1927 1520 1968 verba
1551 1929 1703 1980 poetae
1736 1926 1855 1968 ‘tuus

159 2018 183 2045 o
228 2005 379 2059 regina
425 2003 524 2058 quid
569 2004 689 2056 optes
727 2001 950 2055 explorare
988 1999 1133 2041 labor’
1173 2015 1197 2040 a
1234 1997 1482 2040 Cassellano
1522 1998 1754 2039 scholiasta
1794 1998 1856 2038 ita

159 2078 333 2130 accepta
381 2090 472 2116 esse
514 2073 618 2127 vidi,
662 2075 710 2114 ut
741 2072 900 2113 Aeolus
943 2071 1119 2112 Iunonis
1166 2086 1257 2112 esse
1302 2069 1457 2111 dixerit
1502 2071 1711 2123 statuere,
1752 2084 1854 2109 num

161 2161 342 2201 aequum
381 2148 492 2187 esset
532 2144 644 2199 quod
683 2145 858 2198 peteret.
921 2141 1160 2184 Schoellius
1193 2141 1266 2196 qui
1299 2139 1458 2182 ‘iussa’
1493 2139 1630 2181 ‘Iovis
1662 2138 1798 2180 iussa'
1833 2154 1856 2180 a

162 2217 394 2258 scholiasta
430 2215 652 2256 intellecta
692 2229 784 2256 esse
816 2213 924 2255 vidit
955 2214 1000 2254 in
1034 2211 1275 2255 Cassellani
1308 2214 1350 2253 et
1381 2211 1566 2253 Parisini
1597 2210 1855 2252 testimoniis

160 2288 270 2328 nihil
313 2288 400 2329 fere
438 2288 608 2328 mutans
653 2285 713 2326 sic
756 2285 896 2326 locum
942 2284 1182 2326 constituit:
1227 2284 1361 2337 fiyum
1399 2286 1457 2324 est
1496 2282 1640 2335 litotes,
1680 2295 1782 2334 quae
1811 2282 1859 2334 sit

160 2359 508 2412 quotienscumque
545 2358 682 2398 miuus
713 2356 887 2397 dicimus
917 2358 954 2396 et
975 2355 1075 2408 plus
1106 2354 1386 2407 siynificanms
1410 2367 1487 2407 pei·
1518 2353 1771 2394 eontrarium
1797 2352 1856 2393 iu-

163 2430 396 2483 telleyeutes,
439 2432 486 2470 ut
526 2428 598 2469 lioc
642 2428 734 2469 loco.
801 2440 900 2468 uam
937 2439 1027 2467 cum
1064 2426 1173 2466 dieat
1208 2439 1291 2466 nou
1327 2438 1367 2466 se
1397 2438 1515 2477 posse
1551 2424 1716 2476 implere
1755 2436 1858 2476 quae

162 2500 270 2542 Iuno
294 2500 542 2553 praecipiat,
573 2499 691 2551 nefas
722 2501 856 2539 tamen
878 2499 1003 2549 putat
1032 2509 1115 2538 uon
1147 2496 1312 2549 implere
1336 2498 1563 2548 praecepta.
1605 2510 1624 2535 e
1655 2494 1858 2535 comario

162 2574 297 2613 autem
329 2570 464 2624 ‘nefas
495 2570 598 2612 mihi
628 2583 711 2611 nou
740 2569 872 2621 facere
902 2565 1049 2609 iussa’.
1097 2567 1168 2608 hoc
1199 2567 1416 2608 seezmdum
1446 2580 1492 2607 ea
1523 2579 1625 2618 quem
1656 2565 1776 2606 aliter
1800 2565 1857 2605 di-

163 2646 311 2684 cimtur
341 2643 461 2684 aliter
491 2642 721 2683 audiuntur
752 2641 903 2682 (lictum
935 2641 1007 2692 est,
1039 2640 1087 2679 ut
1118 2653 1193 2692 per
1226 2637 1497 2692 antiphrasin
1530 2636 1712 2690 figuram
1745 2635 1859 2675 dicta

165 2713 253 2755 sint
284 2712 411 2754 ‘mihi
442 2713 559 2754 iussa
592 2725 811 2766 capessere
843 2710 908 2751 fas
942 2709 1042 2764 est',
1075 2710 1192 2751 cuius
1233 2709 1398 2763 figurae
1431 2707 1641 2748 rationem
1674 2707 1740 2746 his
1769 2720 1857 2746 ver·

164 2784 231 2825 bis
265 2784 497 2838 explicavit
531 2782 685 2836 [Iulius
717 2782 989 2833 Rufinianus]
1025 2778 1083 2836 (p.
1116 2781 1171 2821 62
1203 2777 1277 2835 H.)
1311 2778 1598 2832 ‘antiphrasis
1626 2779 1691 2818 est
1722 2776 1859 2829 figura

166 2855 401 2896 sententiae
443 2858 555 2896 cum'
584 2854 791 2908 quaedam
835 2865 1042 2907 negamus
1086 2865 1164 2892 nos
1210 2850 1346 2891 dicere
1385 2851 1427 2889 et
1464 2850 1607 2889 tamen
1648 2845 1863 2888 dicimus'.

167 2925 279 2979 quod
317 2925 382 2966 vir
420 2924 691 2966 doctissimus
724 2923 949 2977 proposuit
981 2922 1063 2963 etsi
1093 2935 1179 2962 non
1212 2934 1387 2975 possum
1419 2921 1559 2959 totum
1589 2918 1771 2972 probare
1808 2941 1857 2946 ——

166 3010 266 3037 nam
297 2997 519 3051 vulgatum
551 2995 765 3037 scholium
797 2993 991 3050 quamvis
1023 2993 1216 3046 ineptum
1245 2992 1303 3032 sit
1328 2989 1539 3030 decurtari
1565 2989 1697 3030 nolim
1724 3002 1861 3042 neque

173 3067 218 3107 in
256 3069 408 3121 poetae
446 3066 586 3108 verbis
629 3081 650 3108 e
683 3064 921 3108 Cassellani
954 3063 1210 3106 scholiastae
1243 3063 1384 3102 niente
1417 3059 1638 3114 explicatis
1670 3059 1863 3101 litotctos
