2132 3354
264 92 363 127 XXII
965 94 1248 130 PRAEFATIO.

262 202 374 243 tario
407 202 649 244 consentire
683 201 980 243 animadverti:
1018 202 1123 243 Aen.
1155 201 1216 243 XI
1253 202 1333 243 143
1367 204 1409 243 et
1441 201 1572 243 Andr.
1603 201 1623 243 I
1658 204 1693 257 1,
1726 204 1801 258 813
1852 202 1904 245 A.
1934 204 1954 245 Ι

266 272 346 313 727
383 275 424 313 et
455 272 586 314 Andr.
619 272 638 313 I
675 274 708 322 1,
742 273 816 326 883
850 272 900 313 A.
933 272 994 313 IV
1027 272 1112 314 415
1146 276 1188 314 et
1219 272 1348 313 Andr.
1383 272 1425 313 II
1461 274 1496 326 1,
1532 273 1602 326 11,
1635 272 1684 314 A.
1716 272 1799 315 XII
1830 275 1879 315 11
1914 277 1956 316 et

264 342 394 384 Andr.
428 343 491 384 III
525 344 568 396 2,
601 344 673 397 29,
725 343 774 384 Α.
806 342 848 385 II
883 344 963 384 141
1000 345 1041 384 et
1073 343 1202 384 Andr.
1234 343 1298 384 III
1331 344 1370 397 3,
1402 343 1477 396 243
1527 343 1576 384 A.
1608 343 1628 384 Ι
1663 344 1716 385 73
1749 347 1792 387 et
1823 344 1955 387 Andr.

263 413 325 454 IV
345 415 384 467 3,
409 416 427 454 1
463 414 516 454 ad
550 413 717 455 ‘fidem'
753 412 823 469 (cf.
845 412 960 455 Serv.
994 413 1045 454 ad
1077 413 1127 454 A.
1148 412 1212 454 III
1234 414 1289 455 85
1311 415 1353 454 et
1376 412 1496 468 167);
1529 414 1578 454 A.
1600 414 1639 455 X
1663 415 1713 456 71
1749 417 1792 456 et
1823 415 1957 457 Andr.

262 484 323 526 IV
356 486 394 537 3,
431 486 449 525 1
487 484 538 525 ad
572 483 760 537 ‘iidem'3
795 483 846 525 A.
878 483 919 525 II
956 484 1038 524 124
1072 487 1113 524 et
1145 498 1237 524 eun.
1269 482 1371 537 113,
1392 483 1465 537 90,
1497 484 1548 525 A.
1568 484 1652 526 XII
1672 485 1756 527 553
1789 489 1832 527 et
1863 501 1956 528 eun.

263 554 324 595 IV
364 557 395 607 l,
435 556 501 608 123
535 555 584 595 A.
616 554 677 596 IV
710 555 795 596 448
829 557 871 595 et
903 554 990 596 hec.
1023 553 1043 594 I
1075 555 1113 607 2,
1145 555 1220 607 483
1261 554 1310 594 A.
1342 554 1362 594 I
1395 554 1480 595 536
1514 557 1556 595 et
1588 555 1678 597 hee.
1709 555 1730 596 I
1762 557 1801 610 2,
1834 556 1957 612 841),

264 626 311 666 A.
344 626 363 666 Ι
395 626 449 666 47
484 627 526 666 et
558 625 644 666 1160.
679 625 743 665 III
776 625 816 679 4,
850 625 892 679 7,
926 625 975 666 A.
1007 624 1049 665 ΙΙ
1083 625 1167 666 548
1202 627 1244 665 et
1277 624 1443 678 adelph.
1475 625 1495 666 I
1529 626 1566 679 2,
1589 627 1663 680 36,
1696 626 1746 668 A.
1767 626 1851 669 XII
1872 628 1954 670 657

264 699 306 737 et
345 696 511 750 adelph.
544 695 585 737 H
622 697 663 748 1,
695 696 768 750 533
825 695 874 736 A.
907 695 968 736 IV
1001 696 1055 736 99
1097 698 1138 736 et
1180 696 1345 749 adelph.
1378 695 1421 736 Π
1454 697 1498 750 2,
1532 697 1605 750 39,
1661 698 1712 738 A.
1744 698 1764 739 I
1797 698 1882 739 605
1915 701 1958 740 et

264 766 430 820 adelph.
462 766 525 807 III
561 767 604 820 2,
639 767 681 821 6,
728 766 778 807 A.
812 766 874 807 IV
908 766 993 807 245
1027 769 1068 807 et
1103 766 1271 820 adelph.
1302 766 1367 807 III
1401 767 1446 820 2,
1477 767 1551 820 21,
1584 768 1634 809 Α.
1666 768 1728 809 IV
1759 769 1843 810 408
1867 784 1958 824 sqq.

264 840 306 878 et
337 837 504 890 adelph.
536 836 597 878 IV
630 837 668 890 ὃ,
701 837 774 890 313
809 837 858 878 A.
892 836 934 878 II
967 837 1050 878 203
1085 840 1127 878 et
1158 837 1322 891 adelph.
1355 838 1417 879 IV
1452 839 1488 891 7,
1509 839 1535 879 4
1569 837 1638 894 (cf.
1675 838 1790 880 Serv.
1823 839 1874 880 ad
1907 839 1958 881 A.

265 907 307 947 II
341 906 464 962 270),
497 908 545 948 A.
578 906 638 947 IV
671 908 726 948 99
760 911 802 949 et
838 908 917 948 127
954 911 996 949 εὴ
1029 908 1196 962 adelph.
1228 908 1267 949 V
1301 910 1338 962 7,
1373 910 1417 963 7,
1450 909 1500 949 Α.
1527 909 1566 949 V
1599 910 1683 951 623
1717 912 1760 951 et
1793 910 1957 964 adelph.

264 976 302 1017 V
337 978 382 1030 8,
415 976 507 1033 6²);
559 979 608 1019 A.
640 978 659 1018 I
692 978 777 1019 535
811 980 852 1019 et
885 978 1055 1020 Phorm.
1087 978 1129 1019 II
1162 979 1199 1032 2,
1233 979 1310 1033 22,
1366 979 1414 1021 A.
1447 979 1489 1019 Π
1524 980 1607 1021 720
1640 982 1682 1021 et
1713 979 1884 1021 Phorm.
1916 979 1958 1022 II

264 1048 303 1102 3,
338 1049 403 1089 73.
471 1049 552 1089 duo
586 1048 723 1090 habeo
758 1063 865 1103 quae
896 1048 996 1089 huic
1030 1049 1236 1090 similium
1268 1050 1459 1091 locorum
1491 1050 1622 1092 indici
1655 1051 1824 1092 addam:
1876 1051 1959 1105 pri-

264 1134 379 1160 mum
420 1119 601 1159 multum
640 1119 788 1159 abesse
826 1122 873 1160 ut
912 1120 1057 1159 onmia
1095 1134 1203 1173 quae
1235 1119 1430 1161 Donatus
1471 1121 1513 1161 in
1547 1121 1808 1162 Terentiano
1847 1136 1958 1162 com-

264 1190 473 1230 mentario
507 1189 729 1230 occasione
763 1189 908 1230 oblata
942 1188 991 1229 de
1007 1188 1191 1244 Vergilii
1228 1191 1368 1231 verbis
1402 1191 1556 1232 dixerit
1588 1192 1633 1232 in
1655 1190 1859 1233 Serviano
1888 1194 1962 1234 aut

264 1260 308 1301 in
341 1260 530 1313 pleniore
563 1260 870 1301 commentario
903 1260 1194 1302 inveniantur:
1226 1264 1274 1302 ut
1306 1262 1350 1303 in
1381 1262 1449 1303 his
1483 1262 1586 1304 satis
1620 1263 1760 1304 multa
1791 1262 1960 1304 videan-

265 1333 335 1371 tur
369 1330 529 1371 omissa
562 1345 653 1371 esse
688 1345 795 1384 quae
828 1330 1047 1373 Donatum
1081 1331 1132 1372 ad
1165 1331 1349 1385 Vergilii
1381 1333 1571 1374 earmina
1606 1333 1834 1374 adnotasse
1865 1348 1962 1387 pro-

265 1401 465 1443 babiliter
497 1401 743 1442 coniciatur.
801 1401 950 1442 deinde
983 1417 1134 1443 moneo
1168 1417 1263 1443 eum
1297 1404 1463 1458 aliquot
1496 1405 1619 1458 loeis,
1652 1404 1786 1445 veluti
1818 1403 1868 1446 A.
1899 1404 1961 1445 XI

268 1472 348 1512 143
382 1474 425 1512 et
456 1471 539 1512 XII
573 1472 674 1524 657,
719 1471 905 1526 Vergilii
944 1472 1156 1526 interpres
1204 1474 1370 1526 plenius
1405 1477 1447 1515 et
1478 1475 1643 1516 doctius
1677 1475 1963 1529 disputaverit
2036 1521 2038 1525 ,

266 1557 392 1596 quam
414 1542 622 1595 Donatus,
655 1556 906 1583 consensum
934 1543 1005 1596 qui
1026 1543 1140 1584 inter
1159 1545 1386 1598 utrumque
1414 1547 1480 1586 est
1506 1546 1567 1586 ita
1595 1545 1798 1599 explicari
1823 1560 1963 1600 posse,

266 1617 311 1653 ut
344 1613 387 1652 in
420 1612 610 1666 pleniore
645 1613 950 1654 commentario
984 1613 1025 1653 id
1058 1613 1268 1655 scholium
1295 1618 1511 1673 servatum
1540 1630 1631 1657 esse
1658 1616 1822 1657 dicatur
1849 1616 1961 1671 quod

264 1683 354 1736 ipse
388 1682 584 1724 Donatus
626 1683 898 1736 excerpserit:
949 1683 1032 1724 nisi
1071 1684 1164 1737 quis
1199 1699 1248 1726 ea
1279 1700 1323 1726 re
1356 1685 1539 1728 Vseneri
1572 1687 1831 1728 sententiam
1863 1701 1959 1729 eon-

264 1753 426 1793 firmari
453 1755 589 1807 putat,
618 1753 689 1807 qui
709 1753 1013 1794 Terentianum
1042 1755 1399 1796 commentarium
1425 1756 1469 1797 in
1495 1757 1664 1798 brevius
1692 1759 1960 1799 contractum

264 1838 355 1864 esse
388 1824 470 1864 sibi
501 1824 727 1877 persuasit.

384 1893 508 1934 Haud
550 1908 686 1946 pauca
724 1895 965 1948 pleniorum
1003 1896 1213 1937 librorum
1247 1896 1543 1939 additamenta
1575 1899 1626 1940 ad
1661 1913 1784 1940 suum
1817 1902 1960 1941 aucto-

54 2003 67 2019 r
139 1968 193 2019 1¹1¹?
221 1967 352 2019 {grem
385 1964 541 2004 referre
574 1964 735 2017 liceret,
769 1965 805 2005 si
837 1965 1032 2019 indagari
1062 1969 1210 2020 posset
1242 1967 1351 2008 unde
1386 1982 1435 2009 ea
1461 1968 1656 2010 derivata
1682 1972 1825 2011 essent
1851 1985 1960 2024 quae

143 2038 164 2090 ζ
209 2038 240 2090 ξ
268 2035 316 2075 de
337 2033 600 2088 Vergilianis
635 2035 956 2088 quaestionibus
991 2051 1014 2077 a
1046 2035 1264 2079 Macrobio
1297 2039 1341 2079 in
1374 2037 1717 2081 Saturnaliorum
1743 2040 1866 2082 libris
1894 2056 1960 2082 ex-

159 2109 195 2125 ¹¹¹³
214 2109 256 2125 ¹¹¹²
268 2105 411 2158 posita
443 2107 551 2145 sunt.
601 2120 699 2145 nam
734 2104 869 2146 Servii
902 2107 1256 2148 commentarium
1289 2109 1341 2150 ab
1376 2123 1425 2150 eo
1458 2124 1543 2151 non
1570 2124 1662 2152 esse
1689 2110 1962 2165 exscriptum,

267 2175 309 2215 id
354 2175 466 2229 quod
511 2175 835 2229 quaestionibus
881 2175 1097 2218 Servianis
1143 2177 1268 2219 Halis
1315 2194 1349 2220 a.
1385 2180 1496 2221 1867
1542 2180 1668 2222 editis
1714 2181 1959 2223 confirmari

267 2246 401 2299 volui,
446 2245 576 2286 etiam
608 2260 717 2286 nunc
751 2249 887 2287 teneo.
956 2247 1154 2289 videntur
1187 2252 1441 2303 argumenta
1473 2252 1628 2305 quibus
1660 2252 1705 2292 in
1736 2252 1814 2293 illa
1847 2267 1958 2293 com-

266 2316 528 2357 mentatione
567 2330 669 2357 usus
710 2332 803 2357 sum
843 2317 922 2358 hoo
956 2318 1047 2359 loco
1081 2319 1226 2372 paucis
1261 2323 1634 2363 commemoranda
1666 2337 1770 2364 esse.
1832 2325 1959 2377 atque

265 2455 380 2489 Rhen.
402 2455 521 2489 XXIII
543 2468 576 2500 p.
593 2459 660 2490 493
677 2468 772 2500 sqq,
800 2456 862 2500 qui
889 2468 950 2491 eos
978 2469 1042 2491 nec
1070 2457 1233 2502 integros
1261 2462 1425 2495 servatos
1453 2462 1490 2496 et
1517 2473 1598 2495 cum
1625 2460 1783 2496 aliorum
1810 2461 1963 2496 scholiis

266 2507 482 2542 coniunctos
509 2520 587 2543 esse
614 2509 749 2543 docuit.
934 2512 965 2552 1)
998 2509 1133 2544 Donati
1162 2510 1342 2545 scholium
1368 2513 1439 2548 hoc
1466 2516 1522 2548 est
1556 2522 1702 2546 PROCAX
1728 2515 1966 2558 (lispoliatrz‘ae

265 2564 296 2595 et
320 2565 449 2605 petax:
478 2561 668 2605 ‘procare’
698 2562 791 2595 enim
817 2565 865 2596 est
886 2567 1023 2606 petere:
1059 2563 1238 2608 I'erqilius
1261 2565 1489 2609 ‘procacibus
1515 2567 1679 2610 austris',
1705 2567 1744 2602 id
1770 2571 1819 2602 esc
1844 2568 1961 2612 impu·

265 2615 449 2655 dentibus;
488 2625 573 2649 ozam
604 2615 666 2659 qui
697 2615 847 2648 multum
874 2616 966 2658 petit
997 2616 1183 2659 impudens
1216 2623 1265 2653 est
1299 2623 1331 2653 et
1357 2630 1517 2663 procax:
1544 2620 1647 2665 {unde
1678 2624 1710 2655 et
1734 2621 1841 2665 proci
1873 2621 1962 2656 dicti

263 2670 349 2701 sunt
384 2667 448 2711 qui
480 2668 578 2709 filias
613 2669 751 2702 alienas
786 2669 826 2702 in
861 2669 1129 2704 matrimoniwn
1157 2672 1349 2714 petierunt.
1403 2684 1484 2707 cum
1518 2672 1576 2706 his
1609 2672 1700 2708 utile
1733 2675 1790 2708 est
1820 2673 1962 2708 scholia.

265 2719 312 2754 ad.
338 2719 493 2763 Vergilii
525 2732 670 2755 versum
703 2721 888 2765 adscripta
921 2732 1142 2765 comparare.
1194 2735 1277 2757 nam
1313 2736 1393 2758 enm
1426 2724 1588 2760 dubitari
1618 2737 1690 2760 non
1722 2726 1839 2771 possit
1873 2726 1962 2770 quin

266 2771 411 2807 Servius
439 2773 583 2808 Donato
609 2785 694 2807 usus
720 2774 778 2816 sit,
806 2774 893 2807 satis
923 2774 1075 2808 ridicule
1102 2786 1195 2818 quae
1222 2776 1258 2809 in
1287 2788 1358 2811 uno
1385 2776 1597 2813 Cassellano
1623 2779 1750 2814 extant
1779 2780 1960 2823 ‘procaci-

266 2825 351 2859 bus'
381 2827 665 2870 impudentibus,
699 2837 792 2870 quae
820 2826 865 2860 ab
893 2826 1020 2861 eodem
1048 2827 1192 2862 Donato
1219 2830 1385 2872 profecta
1412 2832 1507 2873 sunt,
1537 2830 1620 2865 aliis
1646 2831 1868 2866 tribuuntur.

384 2880 419 2920 2)
447 2878 515 2912 1100
544 2878 684 2913 scholio
711 2889 792 2912 cum
819 2878 856 2912 id
884 2881 971 2923 agat
997 2879 1183 2923 Donatus,
1219 2883 1259 2914 ut
1285 2883 1470 2917 oratoriae
1498 2883 1588 2917 artis
1615 2884 1716 2929 leges
1741 2896 1763 2919 a
1789 2884 1960 2919 Texentio

267 2929 477 2964 observatas
512 2942 590 2965 esse
624 2932 859 2975 ostendatur,
899 2932 995 2966 haud
1029 2933 1102 2966 scio
1137 2944 1182 2966 an
1218 2933 1354 2968 similia
1380 2934 1597 2979 Vergiliana
1629 2935 1769 2971 scholia
1799 2939 1885 2981 apte
1912 2937 1959 2972 ad

267 2980 454 3016 Donatum
487 2984 710 3026 referantur,
748 2984 865 3018 veluti
898 2995 990 3028 quae
1023 2985 1068 3019 ad
1098 2985 1187 3019 Aen.
1215 2987 1227 3019 J
1258 2990 1300 3020 65
1336 2987 1379 3020 de
1407 2987 1572 3031 Iunonis,
1612 2987 1627 3020 I
1657 2991 1723 3022 522
1751 2988 1795 3023 de
1820 2988 1964 3033 Ilionei,

267 3034 280 3067 Ι
309 3038 374 3068 664
403 3035 446 3069 (16
472 3035 636 3079 Veneris,
664 3037 697 3070 II
724 3040 790 3072 288
805 3049 883 3081 sqq.
912 3038 955 3072 de
982 3037 1149 3072 Hectoris
1176 3039 1340 3073 oratione
1368 3040 1545 3074 adnotata
1570 3041 1666 3075 sunt.
