2204 3437
515 230 663 265 COMM.
690 230 742 264 IN
767 230 909 264 VERG.
936 229 1045 263 AEN.
1073 229 1098 263 I.
1127 231 1323 263 206-211.
1710 227 1762 266 81

76 332 244 386 ‘aeger’
279 336 343 374 est
376 337 417 375 et
448 336 587 377 tristis
615 339 656 377 et
686 337 796 377 male
823 336 990 388 valens,
1022 336 1221 387 aegrotus
1249 336 1392 374 autem
1420 334 1508 373 sive
1536 335 1766 385 aegrotans

73 404 369 444 tantummodo
402 406 511 446 male
544 407 702 447 valens.

191 474 287 514 209.
333 486 452 516 SPEM
485 476 716 529 laetitiam,
746 479 792 516 ut
819 489 948 528 spem
982 476 1146 527 fronte
1182 477 1398 515 serenat:
1437 476 1479 514 et
1517 476 1582 514 est
1621 473 1767 513 crebra

73 544 185 596 apud
223 544 465 599 Vergilium
503 547 658 600 figura,
699 560 805 600 quae
846 546 895 586 fit
937 545 1133 599 quotiens
1174 545 1438 599 significatur
1476 544 1529 585 ab
1570 558 1617 584 eo
1658 543 1769 597 quod

72 615 288 667 praecedit
325 616 367 656 id
400 616 512 670 quod
545 616 752 670 sequitur,
790 631 890 656 nam
929 631 1048 670 spem
1086 616 1254 657 laetitia
1293 615 1500 669 sequitur:
1541 629 1635 668 spes
1668 629 1768 655 vero
1796 620 1811 647 ἴ

73 684 117 724 in
148 685 270 726 vultu
301 701 387 727 non
419 687 603 740 videtur,
637 685 710 727 sed
742 685 925 726 laetitia.
973 686 1079 727 haec
1111 689 1253 726 autem
1286 686 1425 738 figura
1457 688 1499 725 et
1531 699 1653 725 versa
1680 685 1769 725 vice

72 755 138 808 fit,
181 758 230 796 ut
272 756 576 811 intellegamus
624 757 678 797 ab
724 771 773 797 eo
819 757 930 811 quod
975 757 1168 811 sequitur
1208 755 1250 796 id
1291 756 1401 809 quod
1446 755 1677 808 praecedit,
1723 758 1770 795 ut

73 826 389 881 meritaeque
432 830 703 881 expectent
745 828 973 881 praemia
1013 827 1212 881 palmae
1258 827 1447 880 palmam
1491 840 1568 878 pro
1613 826 1770 866 virtute

72 897 233 950 posuit,
266 912 372 951 quae
404 897 642 951 praemium
673 900 860 938 meretur
892 899 935 938 et
967 898 1166 951 palmam.

190 967 287 1007 210.
319 979 536 1008 PRAEDAE
558 967 611 1008 ad
630 968 853 1021 praedam,
874 971 922 1008 ut
947 967 1266 1021 inferretque
1293 967 1412 1008 deos
1434 966 1592 1007 Latio.
1694 979 1768 1007 Ac-

73 1048 276 1077 CINGVNT
304 1038 493 1078 studiose
520 1041 693 1091 parant,
718 1041 766 1079 ut
793 1038 899 1079 alibi
926 1038 1199 1092 accingunt
1225 1038 1386 1091 operi3
1419 1037 1630 1077 accinctos
1658 1037 1771 1078 enim

72 1106 306 1148 industrios
333 1108 529 1166 dicimus,
561 1110 608 1148 ut
626 1107 832 1150 Horatius
860 1109 1018 1149 altius
1052 1123 1106 1149 ac
1136 1123 1227 1149 nos
1259 1108 1574 1162 praecinctis
1605 1123 1771 1161 unum,

73 1178 182 1218 sicut
215 1180 387 1218 econtra
418 1178 689 1232 neclegentes
722 1178 951 1220 discinctos
985 1193 1207 1233 vocamus,
1249 1181 1293 1219 ut
1326 1178 1607 1219 discinctos
1640 1178 1768 1219 Mul-

72 1248 213 1288 ciber
251 1247 415 1289 Afros.
542 1260 833 1298 DAPIBVSQVE
871 1261 1064 1291 FVTVRIS
1105 1250 1332 1291 ambitiose
1376 1249 1484 1289 dixit
1523 1249 1634 1303 quod
1674 1252 1771 1290 sunt

74 1319 186 1359 cervi
219 1319 346 1372 dapes
379 1319 561 1360 futurae.

186 1391 283 1431 211.
329 1402 545 1431 TERGORA
578 1394 724 1445 tergus
752 1391 956 1444 tergoris,
983 1391 1094 1432 unde
1122 1394 1164 1432 et
1190 1391 1418 1446 ‘tergora’7
1453 1391 1613 1432 corium
1640 1391 1770 1444 signi-

69 1460 184 1514 ficat,
216 1463 387 1514 tergum
420 1475 520 1502 vero
553 1461 683 1515 tergi,
715 1464 763 1502 ut
794 1462 1003 1515 templum
1043 1463 1212 1516 templi,
1249 1462 1424 1503 dorsum
1458 1462 1690 1515 significat,
1722 1464 1770 1502 ut

70 1528 298 1572 Sallustius
333 1532 537 1572 scilicet
569 1531 688 1585 quia
718 1532 882 1586 tergis
916 1533 1222 1574 abstinetur.
1283 1533 1352 1574 Sed
1388 1532 1482 1574 haec
1520 1547 1547 1572 α
1577 1532 1770 1573 veteribus

68 1601 436 1655 confundebantur,
478 1606 525 1643 ut
566 1603 668 1643 alibi
712 1604 912 1643 taurino
956 1607 1191 1655 quantum
1225 1607 1425 1656 possent
1465 1604 1770 1644 circmndare

69 1675 209 1725 z‘eryo.
270 1674 365 1714 item
400 1674 447 1714 in
484 1685 589 1714 nono
630 1674 810 1726 {emerit
845 1673 1013 1715 hastas
1053 1675 1101 1714 in
1139 1678 1311 1727 teryus.
1379 1675 1547 1727 quidam
1578 1688 1673 1715 mox
1703 1675 1767 1714 de-

71 1746 200 1784 tracta
231 1745 343 1785 coria
362 1745 486 1797 pelles
509 1745 607 1797 dieat,
638 1744 804 1786 subacta
836 1749 970 1786 autem
996 1748 1033 1786 et
1056 1747 1141 1786 iam
1166 1746 1364 1787 medicata
1389 1746 1499 1786 coria
1524 1745 1769 1798 appellanda

163 1900 183 1929 3
210 1895 329 1940 spem]
363 1896 404 1929 A.
431 1896 482 1929 IV
507 1900 574 1930 477
607 1897 619 1940 Η
651 1900 671 1930 8
703 1895 947 1940 meritaeque]
982 1897 1023 1930 A.
1058 1896 1090 1928 V
1124 1900 1166 1930 70
1198 1897 1209 1939 Η
1242 1900 1284 1930 10
1317 1896 1558 1941 inferretque]
1592 1898 1634 1930 A.
1666 1896 1681 1929 I
1714 1900 1733 1929 6

69 1955 268 1977 Accmsvxr
294 1942 456 1977 studiose
483 1953 512 1977 e.
534 1954 567 1986 q.
591 1943 635 1988 s.]
670 1943 714 1977 cf.
740 1943 832 1977 Don.
859 1943 907 1977 ad
933 1943 1014 1976 Ter.
1043 1954 1123 1977 eun.
1151 1943 1183 1976 V
1210 1947 1241 1987 8,
1269 1947 1312 1977 30
1346 1944 1383 1977 et
1413 1942 1561 1977 Phorm.
1589 1943 1621 1976 II
1648 1947 1687 1983 2,
1713 1947 1734 1976 4
1760 1946 1761 1950 ’

73 1994 112 2023 11
142 1990 355 2035 accingunt]
382 1990 423 2024 A.
451 1990 484 2023 I[
511 1993 578 2024 235
598 1990 610 2033 Η
631 1994 672 2024 12
700 1990 890 2036 Horatius]
917 1990 1021 2025 sat.I
1047 1994 1078 2032 5,
1106 1991 1220 2034 51113
1248 1990 1463 2035 discinctos]
1492 1992 1534 2023 A.
1561 1990 1646 2023 VIII
1674 1994 1741 2024 724
1760 1990 1771 2032 fs

73 2041 114 2071 16
140 2038 265 2081 tergus
291 2036 446 2081 tergoris
473 2048 503 2071 e.
524 2049 557 2080 q.
580 2038 624 2082 s]
652 2037 696 2072 cf.
718 2036 857 2071 Charis.
884 2049 918 2082 p.
942 2042 995 2079 71,
1023 2041 1067 2070 20
1094 2038 1132 2071 et
1160 2041 1237 2079 146,
1263 2042 1283 2072 3
1311 2037 1354 2071 Κ.
1388 2038 1426 2071 et
1457 2037 1539 2071 [sid.
1569 2036 1642 2071 diff.
1671 2037 1770 2071 verb.

70 2087 137 2118 502
169 2085 181 2128 ΙΙ
213 2084 425 2129 Sallustius]
454 2095 503 2118 or.
531 2084 645 2118 Macri
679 2086 723 2118 tr.
757 2084 807 2129 pl.
835 2088 879 2119 26
911 2097 946 2128 p.
981 2088 1048 2118 292
1082 2084 1194 2118 Kritz.
1227 2087 1239 2128 Η
1272 2089 1313 2119 19
1345 2084 1507 2129 taurino]
1542 2085 1585 2118 A.
1618 2085 1633 2117 I
1666 2088 1734 2118 368

70 2135 114 2165 20
145 2131 298 2176 ingerit]
324 2132 366 2165 A.
394 2131 445 2165 IX
471 2135 538 2166 760
569 2133 580 2175 ΙΙ
613 2132 764 2180 quidam
791 2161 797 2166 .
821 2159 828 2167 .
851 2160 857 2166 .
884 2131 1049 2177 tradunt]
1077 2131 1162 2168 Isid.
1189 2132 1279 2176 orig.
1308 2131 1357 2166 XI
1385 2136 1416 2175 1,
1445 2136 1487 2166 79

167 2276 186 2306 3
214 2273 262 2307 ad
286 2284 318 2306 2⁷.
339 2276 406 2306 209
435 2272 562 2318 Spem]
590 2272 773 2307 laetitiam
800 2300 806 2307 .
829 2299 835 2306 .
859 2302 865 2308 .
894 2274 1049 2308 serenat.
1071 2273 1117 2307 ab
1145 2285 1187 2308 eo
1208 2274 1308 2317 quod
1331 2272 1521 2317 praecedit
1540 2272 1578 2306 id
1598 2272 1695 2316 quod
1716 2283 1769 2306 se-

73 2318 198 2362 quitur
223 2319 467 2363 significatur3
494 2331 580 2353 nam
607 2331 710 2364 spem
737 2350 743 2355 .
766 2349 773 2355 .
796 2349 803 2355 .
830 2320 985 2354 laetitia.
1016 2320 1051 2353 P
1074 2322 1085 2365 ΙΙ
1113 2326 1132 2355 6
1160 2321 1197 2354 in
1223 2332 1288 2355 om.
1316 2321 1360 2354 H
1380 2322 1391 2363 ΙΙ
1411 2320 1501 2354 haec
1528 2319 1669 2363 autem]
1697 2320 1769 2353 han

72 2377 184 2400 causa
209 2366 251 2399 K
277 2367 289 2410 ΙΙ
320 2370 340 2400 8
373 2367 587 2410 exspectent
612 2367 655 2400 K
660 2367 691 2401 Ο
718 2368 729 2411 ΙΙ
761 2371 780 2401 9
807 2367 1030 2412 praemium]
1063 2367 1223 2411 primum
1250 2368 1281 2402 C
1309 2368 1515 2411 Stephanus
1545 2367 1556 2409 ΙΙ
1588 2366 1640 2410 et]
1668 2368 1710 2400 ut
1734 2367 1770 2399 Β

72 2412 111 2446 id
137 2414 194 2447 est
220 2413 425 2447 Mam-ictus
442 2414 454 2456 ΙΙ
475 2414 511 2447 et
536 2413 700 2457 palmam
726 2425 790 2448 om.
820 2414 878 2458 011
896 2414 1061 2458 palmam
1086 2416 1172 2458 post
1197 2414 1334 2459 accipit
1360 2415 1564 2457 Stephanus
1585 2417 1616 2447 et
1635 2412 1674 2446 F
1675 2414 1770 2446 abri-

74 2460 151 2494 cius
169 2461 181 2504 ΙΙ
202 2463 244 2493 10
271 2460 319 2493 ad
343 2472 375 2495 r.
396 2464 463 2494 210
487 2459 667 2505 Praedae]
696 2461 743 2495 ad
769 2461 946 2505 praedam
972 2489 980 2496 .
1002 2489 1008 2495 .
1031 2489 1038 2496 .
1065 2463 1209 2505 parant,
1237 2461 1421 2495 accinctos
1448 2460 1545 2495 enim
1571 2459 1769 2493 industrios

71 2506 238 2542 dicimus.
274 2507 511 2550 Dapibusque
536 2507 683 2553 futuris]
716 2507 910 2542 ambitiose
938 2536 945 2544 .
968 2537 975 2543 .
998 2536 1004 2542 .
1030 2508 1188 2543 futurae.
1218 2509 1253 2542 P
1269 2510 1281 2552 ΙΙ
1300 2520 1500 2542 Anmxcvxr
1525 2511 1556 2541 et
1584 2511 1624 2540 11
1646 2506 1768 2540 adcin-

73 2555 166 2597 gunt
191 2558 221 2587 et
247 2553 436 2588 adcinctos
461 2554 503 2587 K
519 2555 530 2598 ΙΙ
552 2558 593 2588 12
621 2557 662 2589 ut
687 2554 860 2589 Horatius
889 2584 895 2590 .
918 2582 924 2588 .
947 2583 954 2589 .
981 2555 1161 2590 Mulciber
1187 2556 1294 2590 Afros
1321 2566 1385 2590 om.
1412 2555 1447 2588 B
1467 2556 1479 2598 ἱΙ
1504 2565 1547 2588 ac
1572 2565 1638 2588 nos
1664 2564 1767 2597 prae-

71 2600 200 2635 cinctis
224 2613 338 2634 unum
362 2601 418 2634 K:
454 2612 497 2636 ac
522 2613 588 2636 nos
614 2602 814 2646 praecintis
848 2602 878 2637 O
906 2602 1146 2647 (praecingtis
1174 2602 1236 2645 02)
1270 2603 1475 2637 accinctum
1508 2613 1621 2634 unum
1648 2601 1680 2634 L
1712 2602 1768 2644 (ac

70 2659 167 2685 nunc
192 2647 394 2691 praecincti
423 2647 535 2682 simus
561 2649 586 2692 Z)
620 2660 663 2683 ac
689 2661 784 2683 nunc
810 2661 923 2683 unum
954 2649 1176 2694 praecinctis
1203 2650 1248 2683 Η
1279 2661 1322 2684 ac
1347 2661 1444 2683 nunc
1475 2648 1629 2682 accincti
1658 2648 1768 2681 simus

73 2695 121 2728 M
149 2696 161 2738 ΙΙ
194 2698 234 2729 13
272 2696 400 2729 contra
431 2695 522 2728 KH
548 2697 559 2739 ΙΙ
589 2696 825 2741 neclegentes
860 2696 954 2731 KG:
992 2698 1167 2741 negentes
1202 2697 1234 2730 L
1271 2697 1510 2741 neglegentes
1545 2694 1722 2728 HMIC³
1758 2695 1767 2718 ¹³

73 2745 116 2775 14
134 2741 253 2776 Afros.
298 2744 339 2775 ut
359 2741 533 2776 Horatius
553 2743 591 2776 in
611 2743 730 2787 epodo
751 2744 781 2787 (Ι
796 2744 854 2787 33)
875 2755 947 2787 quo
970 2744 1084 2787 ‘quod
1103 2746 1168 2778 aut
1186 2755 1319 2779 auarus
1342 2744 1514 2778 Chremes
1533 2743 1668 2776 terram
1689 2751 1766 2785 pre-

72 2799 183 2831 mam,
199 2788 398 2823 discinctus
419 2790 483 2823 aut
501 2789 655 2833 perdam
671 2790 815 2835 nepos',
835 2791 877 2825 ut
889 2801 1021 2835 graece
1037 2787 1189 2833 εὔζωνοι
1204 2790 1367 2836 expediti
1387 2790 1568 2824 dicuntur.
1583 2789 1621 2822 D
1640 2790 1652 2832 ΙΙ
1671 2787 1768 2831 quod

707 2856 724 2873 a

74 2910 109 2917 ..
132 2911 139 2917 .
172 2882 332 2927 futurae]
371 2882 459 2926 quid
494 2883 590 2917 sicut
623 2883 754 2917 seruiri
787 2883 901 2928 dapes
935 2884 1080 2919 futurae
1114 2885 1150 2918 B
1181 2885 1192 2928 ΙΙ
1224 2885 1321 2928 quod
1350 2884 1421 2917 GP
1445 2883 1519 2925 (secl
1544 2893 1565 2916 o
1593 2882 1765 2914 incertmn

71 2940 160 2963 ‘num
186 2941 209 2964 a
233 2941 346 2964 manu
365 2930 490 2973 prima
514 2931 562 2964 sit
585 2930 626 2963 in
654 2929 712 2973 0):
746 2929 834 2974 quid
858 2931 989 2964 KLH
995 2932 1044 2965 M
1058 2933 1070 2976 Η
1091 2931 1162 2966 sint
1200 2931 1235 2964 P
1251 2932 1263 2975 ΙΙ
1285 2935 1325 2964 16
1359 2931 1407 2964 ad
1432 2940 1463 2963 v.
1491 2932 1555 2963 211
1586 2927 1764 2971 Tergora]

72 2977 196 3021 tergus
221 2976 379 3021 tergoris
407 2976 558 3021 (risque)
586 2976 769 3021 significat
794 2977 950 3022 corium,
980 2979 1127 3023 tergum
1153 2989 1240 3012 uero
1267 2977 1362 3021 tergi
1394 2976 1543 3010 dorsum
1570 2974 1763 3018 significat.

74 3023 138 3057 sed
162 3023 255 3058 haec
281 3034 303 3057 a
327 3023 514 3059 ueteribus
541 3023 860 3058 confundebantur
893 3026 936 3058 ut
961 3051 968 3057 .
991 3052 998 3058 .
1021 3053 1027 3059 .
1054 3027 1170 3070 tergo.
1220 3023 1388 3068 Viscera]
1422 3034 1494 3056 non
1524 3023 1670 3055 tantum
1698 3049 1704 3055 .
1726 3050 1733 3056 .
1757 3048 1762 3054 .

73 3070 137 3104 est.
187 3072 243 3105 est
275 3071 399 3105 autem
530 3069 691 3105 uisceris.
728 3070 764 3103 P
792 3072 803 3114 ΙΙ
836 3075 877 3104 17
912 3073 949 3105 et
989 3072 1172 3116 significat
1205 3071 1354 3104 dorsum
1386 3069 1415 3103 C
1444 3071 1456 3113 ΙΙ
1489 3072 1530 3102 19
1568 3067 1765 3103 confunde-

73 3115 182 3150 batur
208 3116 238 3151 0
261 3118 364 3161 (corr.
394 3117 451 3161 02)
477 3119 489 3162 ΙΙ
515 3117 605 3152 alibi
630 3128 695 3152 om.
725 3116 761 3150 P
777 3118 788 3161 ΙΙ
813 3119 938 3161 posset
965 3118 1065 3163 01211
1090 3122 1134 3152 20
1159 3117 1273 3162 110110]
1300 3116 1494 3150 undecimo
1522 3114 1551 3149 (J
1567 3116 1579 3158 ΙΙ
1603 3119 1645 3149 21
1675 3115 1764 3160 dici]

74 3161 138 3196 diu
160 3164 266 3207 vulqo
297 3165 309 3207 ΙΙ
340 3164 439 3198 coria
464 3175 507 3198 eoe
533 3164 634 3198 curia
660 3164 690 3197 Ο

143 3228 239 3252 Servii
259 3236 363 3253 comm.
386 3229 450 3254 Vol.
471 3229 496 3253 Ι.
518 3229 603 3254 Fase.
625 3230 649 3255 Ι,
1463 3225 1483 3254 6

1799 971 1840 1001 10

1795 1675 1839 1705 20
