2204 3437
313 938 355 968 10

314 1292 356 1323 15

387 181 443 222 50
1151 178 1310 213 SERVII

385 288 517 330 habet
549 290 790 341 accentum,
823 285 1145 340 ‘Sarpedontis'
1177 286 1456 340 paenultima.
1508 286 1580 327 Sed
1613 284 1933 340 ‘Sarpedontis’
1965 302 2083 328 usur-

385 360 522 413 pavit-3
572 358 781 399 naturalis
832 356 946 398 enim
995 356 1226 398 declinatio
1277 359 1342 397 est
1393 354 1635 410 ‘Sarpedon
1684 355 1986 412 Sarpedonis',
2037 361 2083 399 ut

387 429 610 470 ‘Memnon
641 428 900 481 Memnonis,
934 426 1067 469 Sinon
1099 427 1305 470 Sinonis’.
1368 427 1403 468 si
1437 429 1581 468 autem
1613 427 1860 481 genetivum
1892 428 1937 469 in
1969 427 2084 470 ‘don-

385 499 463 541 tis’
498 499 679 553 miserit,
719 514 743 539 a
781 497 1050 540 circumflexo
1084 499 1218 553 venit,
1257 498 1329 552 qui
1368 501 1433 539 est
1470 498 1516 538 in
1553 499 1707 540 ultima
1745 497 1912 552 syllaba
1948 500 2083 541 nomi-

383 571 538 622 nativi,
570 572 618 611 ut
650 569 915 623 Demophc5n
952 568 1297 623 Demophcfintis,
1334 569 1518 610 Laoccfin
1560 569 1812 610 Laoce3ntis.
1881 569 1940 611 sic
1981 584 2081 625 ergo

385 645 428 683 et
461 640 708 695 Sarpechn,
743 639 1034 694 Sarpedontis.
1096 643 1161 681 est
1194 642 1339 682 autem
1367 638 1587 694 Sarpedon
1613 639 1728 682 Iovis
1760 639 1876 681 filius
1909 643 1951 681 et
1975 640 2083 682 Lao-

385 712 566 766 damiae,
597 715 644 753 at
673 712 755 753 alio
789 712 870 753 loeo
901 712 1020 764 quin
1051 712 1226 753 oceidit
1261 725 1360 752 ana
1391 711 1642 764 Sarpedon
1679 725 1782 753 mea
1805 713 2084 766 proyenies,

385 784 548 824 occisus
582 798 607 824 a
628 782 849 837 Patroclo,
880 783 1061 824 Illenoett
1090 782 1195 835 filio,
1227 783 1358 824 armis
1388 782 1566 824 Achillis
1596 782 1750 824 induto.
1793 782 1916 824 haias
1945 783 2084 824 interi-

384 858 469 896 tmn
494 854 682 907 Iuppiter
700 857 938 907 prosecutus
963 854 1113 894 dicitur
1138 853 1264 894 imbre
1287 854 1522 907 sanyasz'neo.
1646 863 1797 894 SIMOIS
1823 867 1979 895 nomen
2003 854 2084 895 hoc

382 926 600 981 integrum
633 925 685 966 ad
716 939 794 966 nos
825 925 1017 979 transiit,
1048 924 1157 965 unde
1191 939 1265 966 suo
1299 927 1364 965 est
1397 926 1574 965 accentu
1610 923 1923 977 proferendum.
1983 940 2084 966 nam

384 997 420 1038 si
453 999 565 1038 esset
590 996 790 1050 latinum,
823 996 868 1036 in
895 995 1260 1050 antepaenultima
1285 995 1464 1036 haberet
1496 997 1739 1049 accentum,
1772 995 1871 1048 quia
1899 997 2084 1038 secunda

384 1083 408 1109 a
445 1068 528 1108 fine
566 1067 708 1108 brevis
749 1069 825 1108 est.
945 1081 1044 1108 sane
1080 1067 1173 1108 bene
1209 1067 1350 1118 fecisse
1386 1067 1543 1108 videtur
1573 1065 1792 1108 Simoentis
1829 1068 2084 1122 mentionem,

381 1142 429 1180 at
456 1139 515 1180 ibi
545 1140 729 1180 videatur
751 1139 847 1191 pati
885 1151 925 1179 se
965 1138 1179 1192 optavisse,
1218 1138 1289 1178 ubi
1315 1138 1476 1191 [lenitas
1508 1141 1582 1192 est,
1619 1141 1667 1179 at
1707 1138 1808 1179 alibi
1849 1141 1962 1179 tane
1999 1138 2085 1179 ille

382 1209 591 1260 Aeneas,
629 1224 763 1263 quem
799 1209 1063 1251 Dardanio
1101 1208 1353 1250 Anchisae
1390 1209 1523 1250 alma
1567 1209 1728 1250 Venas
1766 1208 1975 1262 Phryyii
2007 1223 2083 1262 ye-

382 1281 493 1321 nae't
528 1281 792 1322 Simoentis
829 1281 891 1322 acl
928 1281 1140 1321 andam?
1269 1291 1352 1321 SVB
1392 1291 1533 1321 VNDIS
1575 1282 1616 1320 et
1655 1279 1755 1320 ‘sub
1794 1279 1940 1321 undis'
1978 1279 2083 1334 legi-

382 1366 494 1405 mUS,
532 1354 575 1392 et
613 1351 713 1392 ‘sub
754 1349 921 1391 undas’.
983 1350 1056 1392 secl
1094 1351 1129 1391 si
1169 1349 1270 1391 ‘sub
1310 1349 1480 1404 undas’,
1517 1349 1754 1403 ‘correpta'
1787 1349 2015 1404 intellege,
2048 1350 2084 1391 si

383 1421 483 1463 ‘sub
516 1422 639 1463 undis
653 1421 676 1475 ⁹,
710 1420 904 1474 evolvit’3
936 1421 1057 1462 varia
1090 1434 1191 1475 ergo
1224 1421 1443 1462 distinctio
1477 1423 1555 1461 est.
1677 1438 1867 1463 CORREPTA
1901 1423 2037 1473 rapta.

503 1493 597 1534 101.
642 1504 813 1534 FORTIA
845 1503 1061 1533 CORPORA
1091 1491 1172 1532 hoe
1205 1493 1269 1532 est
1299 1491 1490 1532 virorum
1515 1490 1695 1532 fortium
1728 1505 1928 1546 corpora3
1961 1491 2083 1532 nulla

383 1563 495 1604 enim
529 1566 595 1605 est
626 1564 672 1605 in
701 1563 885 1605 mortuis
917 1562 1141 1603 fortitudo.

503 1635 598 1676 102.
642 1646 781 1675 TALIA
812 1645 1030 1675 IACTANTI
1063 1633 1249 1674 inaniter
1280 1633 1492 1687 loquenti,
1524 1635 1572 1673 ut
1604 1633 1708 1674 alibi
1740 1635 1891 1688 atque
1924 1633 2084 1675 inrita

381 1706 550 1760 iurgia
594 1707 759 1748 iactat
797 1708 839 1747 et
882 1719 1030 1746 voces
1075 1704 1187 1745 dum
1231 1704 1397 1746 iactat
1434 1704 1625 1746 inanes.
1748 1716 1987 1756 AQVILONE
2029 1705 2082 1746 ab

382 1777 607 1832 Aquilone.
735 1791 815 1818 eece
853 1775 918 1817 hie
957 1776 1090 1817 reddit
1128 1778 1290 1817 ventmn
1330 1789 1446 1828 (suem
1487 1777 1725 1831 transierat,
1766 1780 1803 1818 et
1841 1791 1868 1817 a
1903 1777 2085 1830 yenerale'

382 1851 614 1901 tempestate
644 1850 700 1890 acl
729 1848 896 1902 speeiem
929 1847 1088 1888 transit.

503 1919 598 1961 103.
649 1930 864 1960 ADVERSA
897 1917 1128 1972 contraria,
1161 1917 1261 1971 quia
1293 1918 1345 1958 ad
1377 1917 1550 1959 Italiam
1581 1918 1890 1972 navigantibus
1922 1919 2082 1974 Aquilo

339 2003 352 2020 ’-
385 1992 623 2033 contrarius
657 1994 735 2032 est.

503 2062 597 2103 104.
644 2072 959 2103 FRANGVNTVR
996 2071 1109 2100 REMI
1141 2059 1208 2100 vel
1241 2059 1550 2114 gubernacula,
1587 2060 1655 2101 vel
1689 2060 1799 2114 quod
1831 2061 1985 2102 melius
2019 2064 2085 2103 est

382 2148 427 2174 re
460 2149 562 2175 vera
593 2134 711 2175 remi.
763 2131 930 2186 antiqui
964 2131 1077 2173 enim
1109 2130 1214 2171 velis
1248 2131 1463 2185 remisque
1495 2131 1780 2185 navigabant,
1811 2133 1859 2172 ut
1890 2132 2079 2173 validis

478 2243 495 2272 7
530 2238 619 2282 quin
651 2237 802 2282 oceidit]
834 2237 876 2270 A.
903 2236 935 2269 X
963 2240 1030 2270 470
1062 2237 1073 2278 ΙΙ
1107 2239 1148 2268 13
1182 2234 1286 2279 tune]
1313 2235 1356 2268 A.
1384 2235 1399 2267 Ι
1432 2239 1498 2269 617
1532 2236 1542 2279 ΙΙ
1574 2239 1618 2269 20
1652 2235 1779 2281 atque]
1813 2236 1854 2270 A.
1884 2236 1916 2270 X
1943 2240 1986 2270 95
2023 2236 2083 2271 ‘et

382 2286 495 2320 inrita
519 2286 639 2331 iurgia
663 2285 813 2319 iactas’.
834 2286 845 2328 ΙΙ
865 2287 907 2317 21
935 2282 1061 2327 voces]
1089 2283 1130 2317 A.
1152 2282 1184 2315 X
1205 2285 1271 2316 322
1302 2282 1433 2317 ‘voces
1459 2282 1545 2316 dum
1571 2283 1687 2317 iactat
1705 2283 1875 2318 inertes'.
1897 2285 1909 2328 ΙΙ
1928 2288 1971 2318 27
1992 2283 2083 2318 vali-

382 2333 454 2378 dis]
482 2333 523 2367 A.
550 2333 582 2368 v
610 2337 652 2367 15

480 2432 495 2461 1
524 2428 640 2462 habet
666 2455 672 2462 .
696 2453 702 2459 .
724 2454 731 2460 .
759 2424 988 2470 paenultima
1014 2424 1147 2465 ona-K
1175 2425 1186 2467 11
1219 2428 1237 2457 2
1266 2423 1380 2469 enim]
1408 2419 1533 2458 aufem
1557 2423 1735 2458 BKCM
1762 2425 1773 2468 ΙΙ
1805 2428 1825 2459 5
1851 2425 2078 2469 Β61ΠοΡ11ῶ11

383 2474 660 2518 Demophrfintis
686 2473 843 2508 Laoccfin
868 2472 1069 2506 Laoca‘antis
1095 2471 1292 2505 Schoellius
1317 2472 1358 2505 (le
1384 2482 1455 2506 aec.
1483 2472 1504 2505 Ζ.
1532 2472 1553 2506 ἶ.
1576 2482 1613 2514 1).
1641 2475 1727 2505 2131
1753 2471 1941 2506 demifoon
1966 2472 2014 2506 tis
2040 2473 2076 2505 Β

384 2522 582 2556 demofoon
614 2519 860 2555 demofoontis
893 2518 1077 2552 KLHM
1111 2518 1270 2552 laucoOn
1301 2518 1350 2552 tis
1375 2518 1429 2560 B,
1460 2529 1525 2552 om.
1552 2519 1607 2562 K,
1645 2518 1800 2553 laocoon
1833 2519 2015 2553 lacoontis
2047 2519 2080 2552 L

383 2569 514 2604 laocon
548 2567 730 2602 laocontis
756 2568 800 2601 Π
831 2567 986 2601 laocoon
1016 2564 1222 2600 laocoontis
1258 2566 1306 2598 M
1335 2566 1346 2609 ΙΙ
1378 2565 1430 2600 sic
1461 2576 1525 2600 om.
1552 2565 1585 2599 L
1616 2566 1628 2609 ΙΙ
1661 2570 1680 2599 6
1713 2565 1765 2610 ot]
1793 2576 1858 2601 om.
1885 2566 1920 2599 B
1959 2577 1981 2600 a
2005 2566 2050 2599 H
2070 2567 2082 2610 Η

385 2615 578 2660 Sarpedsfiv
605 2614 842 2659 Sarpedontis
869 2614 1086 2647 Sclmellz'us:
1120 2611 1301 2656 sarpedon
1328 2612 1557 2657 sarpedontis
1590 2613 1693 2654 libri,
1724 2613 1797 2647 nist
1828 2614 1922 2656 qnod
1949 2613 2078 2658 Sarpe-

384 2663 456 2698 don
483 2674 548 2697 om.
575 2663 610 2696 Β
642 2664 653 2706 ΙΙ
686 2667 704 2696 7
731 2663 773 2695 ut
798 2660 963 2704 alioquin
991 2659 1126 2694 occidit
1153 2659 1189 2693 P
1217 2659 1228 2702 ΙΙ
1260 2664 1279 2691 8
1313 2659 1492 2694 menoetis
1520 2660 1556 2693 P
1582 2661 1593 2704 Η
1627 2663 1667 2693 12
1703 2659 1901 2694 Simoentis
1933 2661 2082 2704 scripsi.-

386 2710 518 2745 Simois
548 2710 577 2743 C
592 2711 603 2753 l}
630 2714 671 2744 17
698 2708 822 2753 undis]
850 2707 965 2741 undas
995 2707 1069 2740 KJ.
1097 2705 1217 2749 (undis
1244 2707 1299 2750 1>Η
1322 2711 1362 2741 18
1390 2707 1437 2741 aa
1462 2718 1492 2741 v.
1524 2711 1588 2741 101
1615 2706 1740 2741 Fortia
1766 2707 1934 2753 corpora]
1962 2707 2000 2741 id
2026 2708 2082 2742 est

384 2758 546 2792 uirorum
574 2785 610 2792 ..
634 2785 640 2790 .
666 2755 856 2790 fortitudo.
886 2755 920 2787 1²
950 2756 961 2798 ΙΙ
994 2758 1035 2787 19
1069 2753 1257 2788 fortitudo.
1310 2755 1347 2787 et
1381 2764 1424 2787 ex
1450 2754 1609 2788 Homero
1641 2755 1802 2788 tractum
1834 2755 1888 2788 est
1922 2754 1986 2797 (ll.
2012 2753 2080 2788 XX

384 2810 427 2839 22
454 2808 517 2849 sq.)
544 2804 607 2838 καὶ
634 2801 786 2848 Σιμόεις
813 2833 819 2839 ,
842 2830 848 2836 .
872 2830 877 2836 .
906 2801 1011 2845 γένος
1037 2797 1185 2842 ἀνδρῶν
1211 2800 1248 2833 J)
1267 2802 1278 2844 ΙΙ
1299 2804 1342 2833 20
1369 2801 1417 2834 ad
1441 2812 1472 2834 v.
1503 2805 1567 2836 102
1594 2801 1701 2835 Talia
1725 2800 1896 2845 iactanti]
1922 2800 2081 2835 inaniter

383 2851 560 2895 loquenti.
591 2852 627 2884 P
655 2852 666 2895 ΙΙ
698 2855 740 2884 21
768 2849 911 2893 inanes]
945 2848 1080 2882 inertes
1107 2848 1140 2880 Β
1152 2848 1199 2881 M
1235 2849 1273 2881 al
1304 2847 1439 2882 inertes
1472 2849 1512 2882 in
1546 2859 1658 2892 mara.
1694 2849 1810 2882 adscr.
1842 2848 1882 2881 H
1912 2849 1923 2892 Η
1955 2852 2000 2881 24
2032 2849 2080 2882 ad

384 2911 414 2933 v.
438 2904 503 2933 103
525 2898 706 2943 Aduersa]
729 2896 915 2931 contraria
940 2922 947 2928 .
972 2923 977 2929 .
1001 2924 1007 2930 .
1035 2894 1238 2929 contrarius
1258 2895 1322 2929 cst.
1352 2896 1387 2928 P
1403 2896 1415 2939 ΙΙ
1435 2894 1481 2929 ad
1500 2895 1643 2930 italiam
1667 2895 1713 2930 ab
1733 2896 1856 2929 austro
1875 2895 1911 2928 B
1930 2896 1942 2939 Η
1961 2899 2005 2930 26
2032 2895 2081 2929 ad

387 2958 415 2980 r.
440 2950 505 2980 104
525 2946 762 2990 Franguntur
782 2943 889 2988 remi]
915 2943 976 2977 uel
1001 2941 1253 2987 gubernacula
1279 2969 1285 2975 .
1308 2969 1315 2975 .
1338 2968 1345 2975 .
1372 2941 1610 2986 nauigabant.
1649 2943 1687 2976 et
1711 2942 1755 2976 de
1782 2941 1950 2976 omnibus
1974 2941 2077 2976 naui-

384 2993 452 3027 bus
478 2994 547 3028 hoc
579 2993 714 3027 dicitur
747 3002 820 3025 non
851 2991 997 3024 Aeneae
1028 2990 1183 3023 tantum.
1234 2988 1327 3022 Tum
1358 3000 1507 3033 proram
1540 2988 1692 3034 auertit]
1724 2989 1790 3023 alii
1824 2989 1975 3033 ‘prora'
2003 2988 2079 3033 legi

384 3040 552 3083 tradunt,
578 3041 620 3074 ut
646 3040 694 3073 sit
723 3037 900 3073 ‘auertit'
934 3047 1000 3082 pro
1034 3035 1213 3070 auertitur
1241 3064 1247 3070 .
1270 3064 1276 3070 .
1299 3062 1306 3068 .
1333 3037 1431 3079 poni.
1483 3036 1547 3070 sed
1579 3037 1671 3070 haec
1702 3036 1817 3070 uerba
1845 3064 1852 3071 .
1873 3064 1880 3071 .
1904 3064 1910 3070 .
1938 3036 2077 3080 praeci-

385 3087 463 3130 pito
489 3086 721 3131 praecipitor.
753 3086 787 3119 P
815 3086 827 3130 l}
852 3084 983 3119 melius
1009 3084 1050 3117 Κ
1055 3083 1137 3117 LH
1142 3096 1152 3116 .·
1177 3082 1298 3117 uerius
1324 3083 1358 3115 Β
1370 3082 1538 3117 (1*ΡΖΙῙΖ
1567 3084 1579 3128 ΙΙ
1610 3087 1653 3117 27
1681 3093 1719 3117 re
1744 3093 1832 3118 vera
1857 3093 1922 3118 om.
1951 3082 2045 3117 0²¹²]J
2067 3082 2078 3129 Η

387 3135 427 3167 ut
451 3134 584 3168 validis
613 3161 619 3167 .
642 3162 647 3168 .
671 3162 676 3167 .
705 3133 833 3167 ventos
859 3143 924 3166 om.
952 3131 993 3166 K

2198 1147 2204 1156 ι

2195 1160 2204 1176 1
