2204 3437
573 203 722 239 COMM.
749 202 801 237 IN
825 201 966 237 VERG.
994 201 1103 236 AEN.
1130 201 1173 235 V.
1202 205 1349 242 73—81.
1726 200 1807 241 601

238 313 304 354 78.
352 324 470 353 HVMI
501 314 654 353 terrae.
773 321 922 352 LACTE
955 321 1082 351 NOVO
1116 312 1190 350 aut
1222 309 1369 350 statim
1402 309 1575 363 mulcto,
1608 311 1682 350 aut
1713 311 1812 362 post

118 383 269 436 fetum,
313 383 423 436 quod
467 383 701 424 colostrum
739 383 894 424 dicitur
931 383 1081 422 neutro
1115 393 1281 435 genere.
1345 380 1507 421 umbrae
1543 383 1678 421 antem
1715 393 1809 421 san-

113 455 236 507 quine
274 456 312 494 et
348 454 446 494 lacte
488 454 718 495 satiantur:
760 453 866 494 uncle
907 452 1100 504 feminae,
1142 464 1244 503 (snae
1283 453 1460 491 mortuos
1495 454 1810 503 prosequuntur,

117 524 240 566 ubera
272 525 458 574 tundunt,
490 527 536 564 nt
567 524 629 565 lae
659 524 910 576 exprimant,
951 522 1081 564 enneli
1112 524 1246 562 antem
1283 534 1323 561 Se
1355 520 1544 571 lacerant,
1575 524 1621 562 nt
1649 522 1812 574 sanqui-

117 609 208 636 nem
239 594 464 646 efflondant.
586 605 817 635 SANGVINE
850 604 994 635 SACRO
1032 592 1320 644 victimarum,
1367 594 1414 632 ut
1453 591 1638 633 diximus
1684 606 1812 646 supra

119 665 211 721 <III
246 666 340 719 67>
403 666 445 706 et
480 664 735 718 notandum,
781 665 881 719 quia
924 664 1081 718 partim
1128 663 1248 717 quasi
1288 665 1454 703 mortuo
1499 662 1592 715 pari
1635 677 1810 703 numero

119 737 341 789 sacrificat,
371 736 530 789 partim
556 735 717 790 inpari,
749 736 871 789 quasi
897 735 987 789 deo,
1018 737 1066 776 ut
1091 735 1202 788 (96)
1236 734 1396 775 ‘caedit
1429 733 1579 787 quinas
1613 734 1663 775 de
1695 749 1811 775 more

117 807 352 848 bidentes':
383 822 483 848 nam
516 806 699 860 legimus
731 821 936 847 numero
971 806 1090 847 deus
1122 806 1300 859 inpare
1333 804 1530 859 gaudet.

239 879 304 920 79.
354 888 710 927 PVRPVREOSQVE
744 888 867 918 IACIT
901 888 1074 918 FLOREs
1108 876 1160 917 ad
1194 875 1410 930 sanguinis
1438 876 1735 930 imitationem,
1768 876 1812 916 in

119 964 201 1004 quo
234 952 299 990 est
337 949 455 990 sedes
496 948 682 989 animae:
725 948 785 989 sic
828 948 873 988 in
915 950 1033 989 sexto
1068 948 1210 1002 <884>
1251 961 1535 1000 purpureos
1575 960 1812 1001 spargam

116 1021 300 1073 flores,
332 1020 438 1060 item
470 1018 559 1072 <VI
592 1019 705 1073 221>
738 1033 1127 1073 purpureasque
1165 1033 1315 1072 super
1355 1022 1527 1059 vestes
1559 1017 1814 1058 velamina

117 1093 254 1144 nota,
288 1090 463 1143 scilicet,
496 1091 560 1141 [ut
595 1104 724 1143 supra
749 1089 887 1143 dixit,]
915 1092 962 1130 ut
988 1089 1100 1130 sedis
1129 1104 1228 1130 suae
1255 1091 1488 1142 cognoscat
1514 1088 1814 1141 imitationem·

237 1162 303 1203 80.
355 1172 503 1202 SALVE
539 1159 698 1201 ‘salve'
733 1163 775 1202 et
802 1160 936 1201 ‘vale'
965 1160 1195 1202 secundum
1220 1159 1458 1201 Varronem
1485 1159 1530 1199 in
1554 1159 1814 1213 logistoricis

122 1247 357 1287 synonyma
390 1235 504 1273 sunt:
537 1231 646 1272 unde
678 1231 746 1272 his
780 1234 822 1273 et
852 1232 897 1272 in
930 1231 1187 1273 salutatione
1220 1231 1392 1284 utimur,
1425 1230 1537 1271 etin
1563 1230 1814 1271 exsecratio-

119 1305 263 1346 nibus:
295 1306 344 1344 ut
375 1304 582 1344 valeant
615 1303 698 1357 qui
729 1303 866 1344 inter
897 1318 985 1344 nos
1019 1302 1290 1344 discidium
1322 1302 1515 1343 volunt:
1548 1301 1657 1342 unde
1684 1301 1814 1342 etiam
1865 1310 1879 1339 Γ

119 1376 224 1417 haec
257 1376 438 1416 mortuis
466 1374 657 1427 dicimus,
687 1388 775 1415 non
802 1389 885 1428 quo
913 1375 973 1415 eis
1001 1377 1196 1428 optemus
1225 1374 1419 1427 salutem,
1445 1372 1490 1413 in
1516 1373 1669 1426 quibus
1696 1372 1815 1412 nulla

121 1461 211 1487 esse
243 1448 404 1500 potest,
438 1445 512 1486 sed
544 1447 590 1485 ut
623 1445 922 1500 significemus,
954 1460 1032 1486 nos
1066 1445 1126 1485 sic
1153 1444 1330 1499 digredi,
1355 1446 1403 1485 ut
1429 1443 1717 1497 ostendamus,
1743 1457 1813 1483 eos

120 1531 352 1571 numquam
384 1517 429 1557 in
460 1519 655 1557 nostram
688 1516 1029 1557 communionem
1069 1530 1161 1556 esse
1200 1518 1415 1556 venturos.
1476 1518 1513 1555 et
1546 1514 1616 1555 hoc
1652 1514 1814 1555 verbnm

121 1587 268 1630 ‘salve'
301 1589 413 1642 apud
442 1591 622 1628 [suctores
662 1587 781 1628 bonos
818 1590 876 1628 ter
918 1588 1174 1628 enuntiatum
1217 1586 1422 1627 invenitur
1467 1585 1613 1636 (30100,
1653 1585 1814 1638 salvere,

121 1658 298 1701 salvete’.
418 1670 593 1699 ITERVM
618 1671 696 1711 pro
725 1659 906 1700 seeundo.
960 1658 1029 1699 hic
1063 1657 1426 1712 distinguendum:
1465 1671 1563 1697 nam
1598 1671 1679 1711 quo
1712 1659 1814 1697 tem-

120 1744 224 1785 pore
258 1730 428 1783 sepeliit
460 1744 574 1783 eum,
607 1729 714 1770 dixit
745 1729 835 1770 sine
868 1729 995 1770 dubio
1029 1727 1186 1770 ‘salve'
1220 1730 1262 1768 et
1296 1727 1445 1769 ‘vale’.

240 1801 307 1843 81.
359 1812 555 1842 RECEPTI
587 1812 861 1850 NEQVIQVAM
895 1811 1090 1845 CINERES
1116 1801 1266 1841 eineres
1289 1814 1365 1853 pro
1392 1799 1486 1853 ipso
1513 1800 1633 1853 patre
1660 1798 1816 1852 posuit,

122 1887 171 1914 ac
203 1873 239 1913 si
271 1872 442 1926 diceret,
475 1872 591 1912 salve
624 1864 745 1925 pater
771 1871 821 1912 de
848 1871 977 1912 Troia
1001 1871 1183 1912 liberate
1210 1871 1298 1911 sine
1326 1884 1471 1911 causa:
1505 1871 1679 1923 propter
1705 1868 1815 1922 quod

124 1943 317 1997 sequitur
349 1941 457 1983 ‘non
489 1942 610 1983 licuit
641 1942 747 1983 fines
779 1942 915 1984 Italos
948 1941 1179 1995 fataliaque
1212 1940 1346 1982 arva'.
1398 1940 1473 1981 alii
1505 1940 1559 1981 ad
1590 1939 1815 1981 historiam

123 2029 252 2068 supra
283 2012 372 2067 <IV
398 2014 512 2067 427>
544 2013 703 2054 dictam
735 2013 927 2054 referunt
954 2012 1229 2054 distinctione
1256 2014 1434 2065 mutata,
1466 2013 1514 2052 ut
1540 2011 1703 2052 dicant:
1737 2009 1813 2051 ere·
1869 2019 1881 2028 ⁷

217 2123 237 2153 8
263 2118 430 2164 numero]
458 2118 538 2152 buc.
565 2118 653 2153 VIII
680 2121 722 2152 75
748 2120 759 2162 ΙΙ
791 2122 810 2152 9
838 2118 885 2153 ad
909 2117 1097 2162 sanguinis
1125 2145 1132 2152 .
1153 2146 1159 2151 .
1184 2145 1190 2151 .
1216 2117 1478 2160 imitationem]
1506 2116 1550 2151 cf.
1578 2115 1661 2150 Isid.
1690 2127 1739 2149 or.
1766 2115 1817 2149 XI

124 2168 289 2248 3032}AE
314 2170 357 2247 1113
375 2165 686 2247 ἐὲϊέοςίεὺοιήοίε]
712 2177 747 2210 p.
774 2169 841 2199 258
867 2165 962 2200 Ries.
989 2166 1001 2210 ΙΙ
1030 2168 1072 2199 15
1098 2164 1263 2210 valeant]
1292 2165 1373 2200 Ter.
1399 2165 1512 2198 Andr.
1540 2163 1589 2197 IV
1616 2168 1648 2207 2,
1678 2167 1730 2197 13.
1772 2163 1814 2197 cf.

221 2313 237 2342 1
264 2308 382 2342 multo
409 2307 452 2341 H
466 2308 478 2352 ΙΙ
497 2311 517 2342 2
535 2307 651 2342 fetum
678 2306 731 2340 F:
757 2307 896 2341 foetum
922 2308 1052 2351 reliqui
1071 2309 1082 2351 ΙΙ
1101 2306 1341 2353 οοΙιιεΛἸἉ151-11111
1368 2306 1401 2339 L
1441 2306 1644 2340 colustrum
1673 2305 1721 2338 M
1737 2306 1749 2348 ΙΙ
1769 2305 1817 2338 ad

124 2355 300 2400 sanguine
327 2366 430 2389 sacro
456 2356 497 2389 in
521 2366 635 2399 τηανῃ.
662 2354 897 2388 uictimarum
923 2355 1075 2389 umbrae
1102 2356 1226 2388 autem
1255 2384 1259 2388 .
1290 2382 1297 2387 .
1325 2383 1331 2388 .
1360 2354 1568 2398 exprimant
1595 2352 1627 2385 T
1650 2354 1661 2395 ΙΙ
1687 2356 1706 2386 3
1735 2363 1815 2395 pro-

124 2404 326 2446 sequuntur
354 2403 575 2436 DIusviez'us:
606 2403 875 2447 persequuntur
902 2401 940 2435 F
974 2404 1215 2446 persecuntur
1245 2402 1274 2434 'l'
1308 2402 1320 2444 ΙΙ
1358 2406 1377 2435 5
1411 2400 1604 2434 effundunt
1638 2399 1689 2442 F,
1726 2410 1815 2433 corr.

125 2451 262 2484 Daniel
286 2451 297 2494 Η
330 2453 348 2483 7
375 2449 522 2495 quinas]
562 2450 607 2492 cf.
633 2449 822 2484 Ribbeck-iz·
847 2450 967 2484 adnot.
995 2451 1072 2483 erit.
1101 2451 1149 2483 cul
1175 2450 1205 2482 V
1233 2454 1276 2483 96
1302 2450 1313 2493 ΙΙ
1339 2453 1358 2482 8
1386 2448 1553 2482 uidentes
1582 2446 1655 2479 FU
1690 2446 1815 2480 biben-

123 2500 180 2532 tes
205 2497 239 2531 L
268 2498 280 2541 ΙΙ
311 2496 494 2542 bidentes]
521 2508 588 2541 par
612 2508 769 2540 namque
798 2508 969 2530 numerus
995 2497 1190 2531 divisibilis
1220 2508 1285 2540 per
1310 2507 1419 2539 quom
1445 2495 1652 2529 mortalitas
1680 2493 1815 2537 signifi-

126 2547 246 2589 catur,
271 2544 391 2589 impar
415 2555 572 2589 namque
599 2544 716 2579 dividi
741 2555 814 2578 non
839 2545 978 2588 potest,
1004 2555 1069 2588 per
1089 2556 1196 2588 quem
1218 2543 1479 2578 immortalitas
1500 2541 1705 2576 ostenditur
1732 2541 1814 2575 add.

664 2607 669 2614 Χ
1313 2603 1323 2627 i

125 2640 164 2674 D
182 2640 194 2684 ΙΙ
213 2639 333 2683 inpari
360 2639 503 2684 011119
528 2638 775 2673 imitationem
800 2650 865 2672 om.
884 2639 924 2672 H
942 2640 954 2682 ΙΙ
975 2642 1017 2672 10
1044 2638 1141 2672 sedis
1168 2637 1206 2671 F
1242 2638 1345 2672 sodes
1371 2637 1399 2671 (J
1415 2639 1426 2681 Η
1455 2641 1494 2670 12
1523 2638 1564 2670 ut
1589 2646 1699 2679 supra
1724 2635 1818 2669 dixit

127 2698 192 2721 om.
208 2686 247 2720 F
254 2686 291 2729 O,
316 2687 444 2721 seclusi
463 2688 474 2730 ΙΙ
493 2686 586 2720 dixit
598 2686 640 2720 N
645 2685 730 2719 LH
733 2699 743 2719 .·
770 2685 926 2720 diximus
948 2686 996 2720 M
1013 2688 1024 2730 ΙΙ
1046 2690 1088 2719 13
1114 2685 1363 2730 1057ςίεῇ011015
1384 2685 1417 2718 L
1444 2683 1705 2728 (longistoricis
1730 2683 1816 2726 fnit)

127 2733 348 2779 legistoricis
374 2734 425 2767 H.
469 2733 507 2767 id
532 2735 588 2767 est
612 2734 651 2767 in
676 2733 826 2767 istoriae
852 2733 1055 2768 rationibus
1081 2744 1254 2777 snperser.
1283 2734 1294 2766 l
1313 2734 1324 2775 ΙΙ
1352 2736 1394 2766 14
1421 2732 1611 2774 sinonyma
1639 2730 1677 2763 F
1711 2741 1815 2773 syno-

125 2781 228 2815 nima
254 2781 332 2816 GN
366 2781 559 2824 synomina
585 2780 620 2814 L
658 2780 840 2815 sinonima
867 2781 915 2814 M
943 2781 954 2824 ΙΙ
991 2780 1058 2823 hys
1086 2780 1124 2813 F
1158 2781 1188 2813 is
1215 2780 1254 2813 Il
1284 2781 1295 2823 ΙΙ
1327 2778 1620 2813 execrationibus
1647 2778 1726 2810 JlJl
1738 2777 1784 2810 M

130 2832 171 2863 17
198 2828 316 2872 possit
342 2828 370 2863 0
387 2829 399 2872 ΙΙ
423 2831 464 2862 ut
489 2839 553 2862 om.
583 2828 644 2872 011
675 2831 716 2861 18
742 2827 922 2871 numquid
949 2827 987 2861 F
1009 2829 1020 2871 ΙΙ
1049 2831 1089 2861 19
1117 2828 1240 2861 saman
1269 2826 1307 2859 F
1328 2828 1339 2870 ΙΙ
1366 2828 1480 2860 bonos
1506 2828 1560 2858 tvi·
1587 2823 1815 2857 enuntiatum

128 2876 282 2910 Daniel:
308 2877 460 2910 honeste
487 2875 700 2910 renunciate
729 2874 768 2908 F
784 2876 795 2918 ΙΙ
821 2875 919 2908 salve
946 2875 1086 2909 salvere
1113 2875 1253 2908 salveto
1278 2874 1427 2917 scripsi:
1454 2873 1554 2906 saluo
1582 2872 1681 2906 saluo
1708 2871 1816 2905 rosal-

128 2923 242 2969 uetess
266 2924 356 2967 (nna
376 2924 495 2957 littera
515 2924 631 2964 erasa)
662 2921 699 2954 F
734 2922 834 2955 salve
861 2922 960 2956 salve
986 2922 1127 2956 resalvo
1154 2924 1210 2955 tvi·
1239 2922 1381 2955 Daniel.
1409 2921 1453 2962 ef.
1475 2920 1593 2953 Diam„
1611 2931 1649 2962 y).
1672 2922 1752 2957 348,
1773 2923 1817 2951 :30

132 2970 246 3004 Probi
272 2971 360 3005 cath.
384 2981 421 3013 2).
443 2973 499 3012 38,
523 2973 563 3003 17
595 2969 734 3003 I¹lmec1e
760 2980 820 3003 ars
840 2980 878 3012 22·
900 2973 980 3013 436,
1001 2973 1043 3003 13
1065 2970 1111 3002 K.
1134 2970 1145 3012 {l
1165 2973 1208 3002 ‘20
1236 2968 1310 3011 hic]
1339 2969 1375 3000 ot
1400 2967 1459 3000 hic
1482 2967 1511 3000 (J
1527 2969 1538 3009 Η
1558 2971 1598 2999 21
1628 2965 1762 3009 ειἻη-Ιίῂ
1783 2965 1820 2998 F

130 3017 303 3061 sepeliuit
327 3017 360 3051 L
378 3018 389 3061 ΙΙ
410 3021 452 3050 22
481 3017 618 3050 cineres
644 3017 724 3049 leab.
740 3016 788 3049 M
803 3019 834 3050 et
852 3028 951 3060 supr.
973 3029 1057 3051 vers.
1080 3018 1121 3060 ΙΙΙ
1151 3021 1192 3049 23
1221 3016 1264 3048 do
1291 3014 1417 3058 Troia]
1444 3014 1488 3047 dc
1514 3013 1609 3047 troia
1635 3025 1699 3057 pur
1724 3013 1817 3056 pori-

131 3063 222 3097 culis
250 3063 288 3097 F
328 3065 372 3098 dc
405 3064 517 3098 Troia
547 3063 721 3107 periculis
753 3063 889 3097 Daniel
933 3065 977 3097 dc
1011 3063 1139 3097 Troiam¹
1173 3062 1344 3106 poi-isidis
1379 3060 1614 3095 (Jomfmelimm
1642 3061 1784 3103 primns

130 3111 303 3145 libertate
326 3112 373 3144 M
389 3112 401 3155 ΙΙ
421 3111 498 3145 sinc
525 3110 648 3155 causa]
677 3110 898 3154 nequiquam
925 3113 1048 3145 autom
1076 3110 1152 3143 sim·
1180 3121 1289 3144 causa
1311 3108 1348 3141 F
1364 3110 1375 3153 ΙΙ
1395 3112 1438 3141 25
1466 3119 1574 3152 supra
1599 3107 1698 3141 dicta
1719 3107 1817 3141 Mus-

130 3169 245 3192 rzews
265 3169 408 3202 przmus

1840 956 1882 985 10
