2132 3354
824 126 1108 162 PRAEFATIO.
1716 124 1814 157 XXV

119 239 329 282 Macrobii
362 241 568 293 auctores,
602 252 751 279 vereor
783 238 830 277 ut
862 249 1066 289 umquam
1098 235 1161 275 ita
1193 233 1394 287 indagari
1426 233 1582 286 possit,
1621 234 1667 273 ut
1698 232 1816 273 nulla

120 313 292 352 maneat
325 310 553 351 dubitatio.
603 309 708 350 illud
731 307 899 362 quidem
921 308 1082 360 quaest.
1105 304 1218 346 Serv.
1240 320 1279 358 p.
1302 304 1357 345 52
1383 306 1497 344 recte
1526 303 1683 343 dixisse
1711 303 1817 343 mihi

120 382 277 434 videor,
308 396 395 422 non
416 395 436 421 e
458 379 674 434 perpetuis
702 378 774 432 qui
801 377 943 418 vocari
971 377 1110 417 solent
1137 374 1456 416 commentariis
1485 389 1561 414 sua
1588 373 1815 427 collegisse

122 452 407 505 Macrobium,
441 452 513 492 sed
546 451 634 491 eius
668 448 783 490 modi
815 448 949 489 libros
983 446 1279 500 exscripsisse,
1313 446 1465 500 quibus
1498 444 1696 498 neglecto
1730 459 1819 484 ver-

123 538 243 564 suum
292 523 438 564 ordine
484 521 677 576 singulae
723 519 1014 574 quaestiones,
1058 517 1191 558 veluti
1225 516 1273 557 de
1308 516 1500 557 doctrina
1533 514 1732 569 Vergilii,
1771 514 1820 555 de

123 594 335 635 oratoriae
381 593 485 634 artis
530 591 768 646 praeceptis
815 589 867 630 ab
909 603 957 630 eo
997 588 1227 641 diligenter
1259 586 1517 639 observatis,
1551 586 1600 626 de
1635 585 1819 626 aliorum

123 668 347 719 poetarum
387 663 630 705 imitatione
669 660 905 703 continenti
938 658 1206 713 expositione
1238 659 1451 698 tractatae
1485 658 1638 697 essent.
1654 654 1684 710 ¹)
1750 655 1821 695 sed

125 736 213 777 eius
247 734 361 775 modi
393 733 492 774 libri
525 749 549 774 a
582 733 734 787 quibus
769 730 996 784 compositi
1027 729 1208 782 fuerint,
1250 743 1301 769 ne
1336 728 1619 781 suspitionem
1652 726 1821 781 quidem

123 806 274 847 habeo.
348 820 478 846 unum
520 806 655 845 restat
688 802 799 857 quod
833 815 1048 853 moneam,
1093 799 1202 840 sexti
1245 788 1343 839 libri
1386 798 1542 851 capitis
1577 797 1706 850 sexti,
1739 812 1821 851 quo

126 876 297 918 Servius
330 877 453 917 docet
485 890 593 930 quae
626 873 847 929 Vergilius
880 873 1042 926 primus
1075 871 1258 925 figurate
1292 869 1459 922 dixerit,
1491 869 1703 909 rationem
1736 882 1823 909 non

127 947 379 988 dissimilem
424 961 514 988 esse
561 944 887 1000 quaestionibus
932 942 1018 983 illis
1051 940 1313 995 Vergilianis
1362 940 1414 980 ab
1453 938 1639 979 Henrico
1679 939 1822 979 Keilio

128 1020 273 1073 editis,
313 1033 416 1074 quas
455 1033 503 1058 ex
537 1016 668 1070 Aspri
700 1014 834 1068 copiis
869 1013 1083 1054 derivatas
1123 1026 1214 1052 esse
1247 1010 1432 1051 Parisini
1464 1009 1579 1062 libri,
1625 1024 1707 1063 quo
1741 1024 1823 1050 uno

131 1093 325 1132 servatae
360 1091 476 1143 sunt,
520 1085 779 1128 testimoniis
814 1086 1001 1137 constat,
1047 1083 1095 1124 de
1129 1096 1310 1136 quorum
1343 1081 1423 1121 fide
1455 1095 1541 1121 non
1574 1080 1823 1121 dubitarunt

129 1161 210 1203 viri
242 1160 367 1202 docti.

246 1231 363 1273 Haec
397 1230 651 1284 scripseram
686 1242 780 1269 cum
809 1229 1030 1268 auctorum
1057 1224 1262 1266 beneficio
1290 1223 1396 1264 mihi
1424 1223 1704 1264 transmissae
1733 1225 1831 1263 sunt

129 1303 325 1358 Hugonis
358 1301 494 1342 Linke
527 1302 569 1341 et
602 1299 778 1353 Georgii
798 1297 1015 1339 Wissowa
1047 1296 1096 1337 de
1123 1294 1334 1336 Macrobii
1362 1292 1706 1335 Saturnaliorum
1742 1293 1829 1334 fon-

130 1375 244 1416 tibus
279 1372 662 1415 commentationes
684 1368 976 1411 Vratislaviae
1009 1367 1088 1408 hac
1121 1368 1215 1420 ipsa
1249 1368 1411 1406 aestate
1445 1365 1593 1405 editae.
1644 1365 1833 1419 probant

131 1446 304 1487 iuvenes
332 1443 567 1486 doctissimi
595 1441 706 1496 quod
728 1440 866 1482 Servii
893 1429 1248 1480 commentarium
1276 1452 1300 1477 a
1319 1436 1540 1477 Macrobio
1569 1435 1831 1489 exscriptum

132 1531 224 1557 esse
262 1514 436 1568 negavi,
482 1512 742 1553 dissentiunt
774 1525 798 1551 a
830 1524 897 1550 me
931 1524 1025 1550 cum
1059 1523 1106 1549 ea
1142 1522 1249 1562 quae
1282 1506 1547 1560 plenioribus
1580 1507 1703 1548 libris
1737 1520 1831 1547 culn

133 1585 434 1628 Saturnalibus
474 1583 717 1625 communia
756 1584 856 1623 sunt
894 1596 942 1621 ex
982 1580 1049 1621 his
1093 1579 1138 1620 in
1171 1579 1271 1619 illos
1305 1578 1516 1619 translata
1551 1592 1642 1619 esse
1675 1578 1832 1618 dicunt.

135 1660 179 1700 at
213 1657 248 1698 si
280 1670 416 1711 pauca
447 1657 617 1696 tantum
649 1668 736 1695 non
763 1667 782 1693 e
810 1651 1021 1693 Macrobii
1053 1651 1177 1704 libro,
1212 1649 1285 1691 sed
1319 1664 1369 1690 ex
1402 1649 1490 1690 eius
1525 1649 1641 1689 fonte
1676 1649 1717 1689 in
1750 1648 1835 1702 ple-

135 1729 300 1771 niorem
344 1725 697 1768 commentarium
739 1724 932 1765 derivata
976 1737 1068 1764 esse
1106 1736 1183 1776 pro
1224 1722 1337 1762 certo
1371 1720 1455 1761 dici
1487 1722 1647 1774 potest7
1694 1720 1835 1760 cetera

139 1813 305 1854 quoque
348 1797 448 1852 quin
491 1796 588 1837 inde
611 1795 768 1849 'petita
811 1795 898 1835 sint
938 1808 1023 1836 non
1062 1792 1184 1833 video
1224 1806 1297 1832 cur
1335 1791 1598 1844 dubitemus,
1643 1790 1835 1844 quamvis

137 1883 294 1925 magna
335 1869 391 1911 sit
432 1868 546 1909 inter
585 1866 791 1908 Macrobii
836 1869 878 1907 et
920 1864 1178 1906 scholiastae
1220 1862 1351 1903 verba
1393 1861 1644 1902 similitudo.
1714 1860 1833 1914 atqui

137 1941 301 1983 duobus
340 1940 444 1981 locis
485 1939 556 1993 qui
599 1940 697 1979 sunt
729 1950 874 1991 georg.
907 1936 927 1976 Ι
960 1935 1044 1976 269
1079 1937 1121 1975 et
1154 1934 1238 1974 272
1272 1935 1313 1973 et
1346 1931 1451 1973 Aen.
1484 1931 1590 1973 VIII
1624 1932 1708 1973 288
1742 1930 1838 1971 Lin-

142 2013 238 2053 kius
283 2013 372 2065 ipse
417 2009 627 2051 concessit
667 2023 751 2049 non
795 2023 886 2049 esse
930 2007 1024 2060 ipsa
1066 2004 1310 2046 Saturnalia
1352 2003 1561 2044 adhibita.
1634 2003 1746 2043 idem
1788 2001 1837 2041 (le

143 2082 316 2125 scholiis
350 2081 402 2123 ad
435 2080 538 2121 Aen.
572 2079 614 2120 II
648 2080 732 2120 225
767 2081 808 2120 et
839 2077 903 2118 HI
937 2077 992 2119 85
1025 2077 1094 2117 vix
1127 2075 1288 2130 poterit
1320 2089 1406 2115 non
1438 2073 1686 2114 concedere:
1737 2088 1837 2113 nam

139 2154 213 2195 illo
247 2154 339 2195 loco
374 2167 480 2207 quae
513 2150 745 2192 laudantur
764 2148 943 2190 Masurii
966 2147 1115 2189 Sabini
1143 2147 1273 2188 verba
1305 2160 1391 2186 non
1423 2145 1696 2185 inveniuntur
1724 2143 1833 2197 apud

140 2223 425 2276 Macrobium7
476 2222 612 2264 altero
660 2220 772 2274 quod
817 2235 842 2260 a
886 2217 1177 2260 Macrobianis
1222 2217 1391 2257 diversa
1435 2216 1708 2270 proferuntur
1753 2229 1837 2255 non

141 2297 286 2349 potest
318 2298 414 2348 apte
448 2292 652 2347 explicari
677 2291 760 2332 nisi
793 2291 867 2343 ita,
900 2292 948 2330 ut
979 2289 1021 2330 in
1055 2303 1103 2329 eo
1136 2288 1248 2328 libro
1282 2287 1392 2328 unde
1426 2290 1606 2340 utraque
1639 2286 1839 2327 fluxerint

141 2365 348 2407 Varronis
382 2365 520 2406 locum
555 2363 721 2417 plenius
755 2361 1012 2415 exscriptum
1045 2360 1177 2400 fuisse
1210 2359 1410 2413 dicamus,
1445 2373 1571 2412 quam
1607 2357 1719 2410 apud
1752 2356 1839 2396 Ma-

143 2437 347 2479 crobium.
415 2449 464 2475 ao
502 2449 553 2475 ne
593 2433 670 2474 illa
702 2432 871 2487 quidem
904 2445 1010 2486 quae
1045 2430 1097 2472 ad
1130 2429 1236 2470 Aen.
1267 2429 1350 2470 XII
1385 2429 1468 2470 779
1503 2428 1709 2469 adnotata
1742 2429 1841 2467 sunt

144 2524 168 2549 a
199 2506 419 2549 Macrobio
453 2505 590 2559 petita
623 2518 713 2545 esse
746 2502 970 2557 probabile
998 2504 1074 2543 est.
1126 2501 1276 2542 deinde
1303 2499 1370 2541 fac
1396 2499 1602 2554 plenioris
1631 2511 1840 2539 commen-

145 2579 245 2619 tarii
298 2580 514 2619 auctorem
565 2576 670 2629 ipsis
723 2573 1021 2616 Saturnalibus
1073 2587 1197 2613 usum
1251 2586 1342 2612 esse
1354 2605 1364 2625 7
1423 2585 1505 2624 qua
1555 2570 1721 2610 ratione
1774 2583 1839 2608 ex-

145 2648 391 2704 plicandum
430 2662 522 2689 esse
561 2649 687 2700 putas
729 2643 843 2699 quod
881 2643 955 2685 ille
987 2643 1164 2684 tertium
1196 2641 1406 2683 Macrobii
1437 2641 1594 2682 librum
1629 2642 1669 2680 et
1703 2638 1840 2693 quinti

246 2814 279 2856 1)
305 2823 349 2846 ne
376 2810 552 2855 plenioris
579 2809 727 2854 quidem
754 2805 1009 2842 commentarii
1041 2807 1227 2840 auctorem
1255 2805 1317 2839 ubi
1343 2802 1590 2839 Macrobianis
1617 2800 1754 2835 similia
1779 2801 1841 2835 ha-

106 2875 108 2877 ’
147 2867 235 2901 beat
259 2876 278 2900 e
305 2862 577 2899 commentariis
604 2873 646 2896 ea
671 2860 846 2906 petivisse
879 2859 963 2893 inde
991 2859 1111 2893 elucet
1136 2859 1251 2903 quod,
1278 2870 1360 2892 cum
1384 2857 1430 2892 ad
1460 2857 1623 2890 diversos
1668 2855 1768 2889 locos
1796 2854 1841 2888 de

150 2919 279 2954 eadem⁴
311 2928 349 2952 re
385 2916 581 2951 dicendum
608 2916 713 2957 esset,
739 2924 832 2957 quae
868 2912 980 2946 semel
1016 2912 1223 2956 exposuisse
1256 2911 1343 2945 satis
1370 2910 1440 2943 suit
1466 2908 1649 2952 repetivit.
1700 2907 1844 2941 accedit

151 2971 250 3016 quod
284 2971 410 3016 aperte
443 2967 678 3014 significavit,
705 2977 798 3010 quae
831 2964 869 2998 in
900 2964 1001 2998 fonte
1034 2976 1098 3000 suo
1131 2966 1175 2999 de
1208 2963 1361 2998 diversis
1387 2961 1542 3006 Vergilii
1568 2959 1733 2994 versibus
1760 2971 1844 2994 con-

151 3024 273 3059 iuncte
307 3022 474 3067 exposita
506 3023 629 3056 essent
655 3020 700 3054 ad
727 3018 891 3062 singulos
916 3017 1015 3051 locos
1044 3029 1081 3052 se
1106 3018 1368 3052 adnotaturum
1397 3018 1485 3050 esse.
1538 3013 1581 3047 cf.
1616 3026 1648 3057 p.
1680 3016 1757 3055 128,
1787 3017 1845 3054 133

158 3081 233 3120 146,
262 3082 298 3119 εὶς
339 3080 419 3120 268,
446 3080 506 3117 203
547 3078 626 3116 ⁶269,
655 3078 691 3115 ss;
719 3075 797 3115 364,
827 3074 887 3113 253
915 3075 994 3113 370,
1024 3075 1076 3106 13.
1127 3070 1174 3105 ad
1200 3071 1287 3104 Aen.
1316 3068 1348 3101 11
1376 3071 1442 3102 225
1470 3068 1507 3101 et
1533 3066 1579 3100 lV
1609 3070 1663 3101 56.
