2204 3437
417 139 503 180 298
1186 141 1344 176 SERVII

536 248 633 289 512.
683 265 853 291 AEDIBVS
881 266 923 291 nv
950 266 1085 291 afflans
1115 263 1231 291 omne
1261 250 1492 302 aedificium
1525 249 1682 292 ‘aedes'
1714 251 1916 293 dicuntur.
1980 254 2112 296 Varro

417 320 547 360 locum
577 323 768 372 quattuor
797 319 962 372 anyulis
992 321 1223 362 conclusum
1255 321 1394 362 aedem
1425 322 1533 363 docet
1563 321 1765 374 appellari
1802 322 1946 386 debere.
2008 324 2113 365 idem

416 404 552 431 rermn
571 390 807 432 clieinarmn
828 390 927 431 libro
946 394 1055 432 sexto
1076 392 1233 446 intulit,
1260 393 1364 433 ideo
1391 392 1496 434 loca
1519 406 1664 434 sacra
1688 393 1920 435 civitates
1943 394 2115 436 habere

414 461 645 510 voluisse,
683 474 738 501 ne
766 474 857 513 per
893 461 1129 502 continua
1166 462 1409 514 aedificia
1445 463 1676 504 incendia
1712 463 2114 519 prolaberentur,

368 539 387 567 5
414 534 457 571 et
498 534 550 572 ut
591 533 730 584 esset,
774 544 866 583 quo
910 531 1226 584 confuqerent
1266 532 1494 585 plerique
1537 546 1641 574 eum
1681 533 1888 585 familia
1930 548 2020 577 sua
2062 536 2115 576 in

406 602 674 654 periculis‚·
707 602 816 654 quod
843 602 966 643 etiam
992 602 1038 642 in
1062 603 1274 644 comoediis
1300 617 1325 643 a
1350 603 1474 644 servis
1500 602 1732 644 timentibus
1757 604 1924 658 leyimus
1946 605 2114 657 factum.

413 670 484 712 boe
523 674 649 712 totum
689 671 893 725 Verqilius
929 671 1119 713 hocloco
1156 672 1358 714 subtiliter
1397 672 1543 726 tanyit,
1581 686 1670 714 cum
1708 675 1806 716 dicit
1842 675 2028 717 ‘aedibus
2068 677 2114 717 in

413 742 556 783 mediis
599 742 783 794 nudoque
819 742 892 783 sub
931 741 1104 784 aetheris
1141 756 1218 784 aeee
1254 744 1396 797 inqens
1433 757 1511 784 ara
1545 744 1630 795 fuit
1672 745 1866 798 iztoetaque
1901 747 2115 789 veterrima

414 812 575 866 laurus,
615 812 848 854 incumbens
887 826 985 854 arae
1024 817 1143 866 atque
1183 814 1329 855 mnbra
1369 814 1563 866 conplexa
1595 815 1797 867 penates'.
1865 830 1914 858 ex
1952 818 2115 859 nomine

348 891 388 920 10
415 884 522 924 enim
546 884 763 936 penatium
795 886 831 924 et
860 897 959 924 arae
989 884 1235 937 intelleqitur
1272 884 1380 925 sacri
1419 884 1494 926 loci
1523 885 1744 934 veneratio,
1780 889 1827 926 ut
1862 900 1945 928 non
1975 887 2113 929 imme—

412 954 490 995 rito
529 955 626 996 illue
662 954 887 1007 eonsuyer'·=it
921 954 1063 1007 rcyina
1100 967 1190 995 eum
1227 954 1334 1004 suis;
1371 967 1470 996 nam
1507 955 1720 997 subiunxit
1759 955 1844 997 ‘hic
1874 957 2044 999 Hecuba
2074 962 2112 1000 et

412 1028 534 1066 natae
565 1025 809 1078 nequiquam
841 1025 996 1066 altaria
1026 1025 1178 1066 circum
1205 1025 1446 1077 praecipites
1479 1028 1574 1066 atra
1605 1039 1673 1067 ceu
1708 1029 1935 1080 tempestate
1965 1029 2114 1071 colum-

413 1096 500 1149 bae,
532 1096 751 1137 condensae
781 1098 819 1136 et
847 1096 982 1137 clivom
1013 1096 1223 1149 ampleoeae
1260 1096 1485 1137 simulacra
1521 1096 1751 1138 sedebant':
1790 1099 1896 1140 unde
1933 1103 2113 1154 apparet,

412 1169 449 1207 et
481 1180 615 1207 veram
645 1166 969 1208 consuetudinem
1003 1165 1132 1218 fuisse
1166 1166 1352 1219 fugiendi
1392 1168 1451 1218 [a]
1484 1167 1813 1219 periclitantibus
1850 1170 1906 1211 ad
1941 1184 2114 1212 ararum

343 1244 385 1274 15
403 1237 672 1289 praesidum.
770 1248 994 1286 NVDOQVE
1028 1248 1110 1278 SVB
1143 1248 1233 1277 AXE
1267 1236 1347 1292 hoe
1382 1240 1447 1278 est
1480 1237 1558 1278 sub
1585 1237 1701 1292 divo,
1734 1239 1846 1293 quod
1871 1240 2113 1294 inpluvium

412 1307 578 1348 dieitur.
640 1305 773 1348 ‘axis’
817 1309 961 1348 autem
1003 1309 1068 1349 est
1110 1310 1184 1349 aut
1223 1307 1466 1361 plaustrum
1499 1308 1856 1364 septentrionale,
1899 1314 1972 1352 aut
2010 1326 2111 1365 pars

414 1377 736 1431 septentrionis,
764 1380 837 1418 aut
864 1378 1060 1432 spiritus,
1093 1392 1175 1432 quo
1203 1378 1384 1419 mundus
1411 1380 1623 1433 movetur,
1648 1382 1693 1420 ut
1720 1379 1811 1433 <IV
1836 1380 1951 1434 482>
1978 1395 2114 1424 aecem

415 1462 573 1490 uniero
606 1452 797 1502 torquet
826 1449 988 1490 stellis
1019 1449 1309 1490 ardentibus
1339 1452 1526 1503 aptum:
1558 1450 1669 1491 sieut
1696 1450 1819 1493 docet
1843 1454 1881 1492 et
1903 1451 2112 1495 Lucanus.

531 1519 628 1560 513.
679 1531 946 1560 VETERRIMA
979 1521 1233 1573 usurpatum
1266 1522 1343 1561 est.
1399 1533 1521 1574 ergo,
1553 1522 1601 1561 ut
1633 1535 1762 1575 supra
1794 1521 1996 1578 diximus,
2031 1524 2112 1566 hoc

343 1599 386 1628 20
413 1592 584 1630 tantum
617 1589 678 1630 uti
719 1590 753 1630 si
786 1605 957 1632 neeesse
991 1590 1047 1631 sit
1085 1590 1197 1632 licet.
1350 1592 1582 1642 VETERRJMA]
1616 1591 1688 1633 lioc
1718 1605 1865 1634 nomen
1902 1607 2112 1648 compara-

414 1662 540 1701 tivum
570 1675 652 1702 non
683 1661 814 1715 habet,
852 1662 956 1703 sieut
988 1660 1198 1703 ‘deterior'
1229 1663 1465 1714 positivum.
1560 1703 1565 1705 ,
1604 1679 1760 1704 mvnvs
1795 1663 1989 1720 Daphne,
2019 1667 2112 1719 filia

412 1731 613 1785 Ladonis,
650 1732 770 1784 fluvii
807 1732 1032 1786 Arcadiae,
1075 1736 1112 1773 et
1151 1733 1302 1774 Terrae
1334 1733 1435 1785 fuit,
1478 1740 1582 1786 quae
1617 1737 1837 1786 aspernata
1872 1736 1959 1778 viro
1996 1737 2113 1791 iunyi

412 1816 565 1855 semper
596 1803 806 1845 venatibus
837 1817 1000 1863 operam
1031 1803 1163 1845 dabat.
1226 1803 1331 1845 lianc
1365 1817 1456 1846 eum
1485 1804 1634 1857 Apollo
1671 1805 1918 1857 adamasset,
1957 1811 1993 1848 et
2023 1822 2112 1849 eam

412 1876 457 1913 ut
487 1874 768 1926 conprimeret,
800 1865 1092 1929 insequeretur,
1131 1875 1205 1916 illa
1236 1889 1262 1916 a
1296 1875 1426 1916 Terra
1456 1878 1585 1916 matre
1608 1876 1714 1927 petit
1742 1877 1972 1919 auxilium:
2009 1893 2112 1931 quae

342 1951 385 1981 25
412 1947 565 1996 recepta
598 1942 662 1999 (a)
695 1948 823 1986 matre
861 1948 933 1995 est,
971 1958 1040 1986 nee
1077 1945 1202 1987 multo
1233 1948 1329 1998 post
1359 1946 1446 1997 †in
1484 1945 1614 1987 locum
1651 1946 1737 1988 eius
1773 1947 1955 1990 arborem
2000 1950 2112 1992 lauri

413 2015 536 2055 nasci.

532 2086 629 2126 514.
680 2097 925 2127 CONPLEXA
957 2097 1166 2127 PENATES
1200 2085 1420 2141 ‘penates'
1460 2089 1559 2127 sunt
1592 2101 1738 2128 omnes
1772 2087 1850 2142 dii,
1889 2089 1960 2142 qui
1992 2090 2108 2132 domi

415 2155 624 2196 coluntur.

533 2227 629 2267 515.
682 2238 958 2277 NEQVIQVAM
986 2230 1061 2269 aut
1088 2227 1318 2269 secundum
1344 2227 1579 2282 Epicureos
1586 2261 1597 2282 ,
1622 2229 1693 2281 qui
1723 2229 1863 2270 dieunt
1892 2231 1983 2272 cleos
2006 2230 2111 2273 nihil

510 2358 525 2387 1
556 2366 661 2389 omne
695 2355 904 2391 aedificium
937 2355 1046 2390 aedes
1079 2355 1266 2401 dicuntur]
1301 2355 1345 2390 ef.
1375 2355 1458 2389 Isid.
1487 2355 1576 2400 orig.
1603 2356 1670 2390 XV
1697 2362 1728 2400 3,
1755 2362 1774 2390 2
1807 2358 1819 2401 ΙΙ
1849 2362 1869 2391 3
1896 2357 2014 2392 Varro
2040 2369 2109 2393 rer.

414 2401 526 2436 divin.
553 2401 635 2436 libr.
663 2402 729 2447 Vl]
758 2402 888 2446 fragm.
910 2407 929 2436 2
958 2414 1015 2446 ap.
1042 2402 1272 2437 Merkelium.
1317 2403 1456 2447 proleg.
1484 2403 1531 2437 ad
1559 2403 1664 2439 Ovid.
1691 2404 1775 2438 fast.
1802 2416 1836 2448 p.
1860 2408 1925 2439 123
1945 2405 1957 2448 ΙΙ
1976 2408 2020 2439 27
2047 2416 2110 2449 pe-

414 2449 518 2482 nates
546 2477 552 2483 .
576 2478 583 2484 .
606 2477 612 2483 .
641 2449 827 2495 coluntur]
856 2461 965 2484 exscr.
994 2449 1077 2484 Isid.
1105 2449 1195 2494 orig.
1222 2449 1307 2483 VIII
1337 2454 1389 2493 11,
1417 2454 1460 2484 99

512 2569 527 2598 1
556 2566 604 2599 acl
629 2576 660 2599 v.
682 2569 748 2599 512
776 2565 940 2600 Aedibus
966 2565 1005 2600 in
1031 2565 1178 2611 mediis]
1207 2576 1314 2601 omne
1336 2565 1544 2601 aedificium
1571 2568 1680 2602 aedes
1701 2567 1882 2612 dicuntur,
1909 2569 1972 2603 sed
1992 2569 2109 2604 Varro

414 2613 534 2647 locum
563 2612 738 2655 quattuor
764 2612 910 2656 angulis
937 2613 1121 2657 (angulos)
1155 2614 1367 2648 conclusum
1400 2613 1528 2648 aedem
1555 2614 1664 2649 docet
1691 2616 1814 2653 uocari
1840 2616 1982 2651 debere.
2034 2616 2108 2650 Sub

415 2660 497 2704 axe]
525 2659 591 2693 sub
618 2658 884 2703 septentrione,
913 2660 978 2694 aut
1004 2660 1070 2694 sub
1103 2660 1251 2704 spiritu,
1285 2672 1356 2704 quo
1389 2661 1544 2695 mundus
1578 2663 1755 2696 mouetur.
1784 2663 1820 2696 P
1848 2664 1860 2707 ΙΙ
1894 2667 1914 2697 4
1946 2674 1990 2697 ne
2023 2674 2107 2698 con—

414 2706 518 2740 tinua
553 2705 724 2740 aedificia
764 2717 827 2751 per
861 2706 1033 2741 incendia
1074 2707 1355 2750 prolaberentur
1392 2709 1483 2743 ceni.
1518 2709 1759 2743 Burmannus
1789 2711 1800 2754 ΙΙ
1831 2710 2109 2754 perlaberentur

414 2754 504 2788 coni.
532 2754 710 2797 Berqlssius
729 2754 740 2797 ΙΙ
768 2758 807 2787 11
837 2753 1047 2788 subiuncxit
1073 2754 1102 2788 C
1119 2756 1130 2797 ΙΙ
1157 2759 1197 2788 13
1225 2754 1418 2800 sedebant]
1446 2756 1467 2789 f.
1499 2756 1528 2790 O
1548 2757 1560 2800 ΙΙ
1585 2757 1715 2800 aparet
1742 2755 1772 2791 G
1795 2758 1806 2800 ΙΙ
1835 2761 1876 2791 16
1902 2757 2108 2801 plaustrum

415 2800 720 2845 septentrionale]
749 2800 952 2844 septentrio
981 2800 1011 2834 C
1025 2801 1037 2844 ΙΙ
1060 2805 1099 2835 17
1128 2801 1402 2845 septemtrionis
1428 2802 1460 2835 L
1479 2803 1490 2846 11
1517 2803 1682 2848 spiritus]
1709 2803 1854 2837 diuinus
1880 2803 1976 2838 unde
2001 2804 2105 2846 (Aen.

414 2847 463 2881 VI
491 2850 572 2891 726)
599 2847 749 2891 spiritus
776 2847 874 2882 intus
908 2847 977 2882 alit
1007 2849 1089 2882 add.
1119 2848 1151 2881 L
1181 2849 1192 2891 ΙΙ
1226 2853 1267 2882 19
1300 2850 1348 2882 ud
1379 2860 1410 2883 v.
1438 2853 1504 2883 513
1532 2849 1769 2895 Veterrima]
1791 2851 2006 2894 usurpatum
2039 2851 2106 2884 est.

415 2905 501 2938 ergo
529 2895 598 2928 hoe
624 2895 769 2929 tantum
796 2894 851 2928 uti
876 2905 1023 2929 neeesse
1050 2894 1107 2928 sit.
1158 2895 1226 2929 hoc
1252 2907 1385 2929 nomen
1419 2896 1711 2940 comparatitium
1742 2908 1815 2931 non
1845 2897 1976 2939 habet,
2012 2897 2107 2931 sieut

418 2940 617 2975 ‘deterior’
646 2941 859 2985 positiuum.
896 2942 931 2974 1²
953 2943 966 2986 ΙΙ
991 2942 1032 2975 ut
1057 2952 1167 2985 supra
1193 2941 1350 2975 diximus
1376 2946 1407 2977 et
1432 2944 1460 2977 si
1488 2947 1519 2978 et
1545 2943 1633 2978 licet
1663 2955 1728 2978 om.
1757 2944 1787 2978 0
1808 2944 1820 2987 ΙΙ
1845 2947 1885 2977 21
1915 2943 2017 2977 dafni
2045 2943 2075 2978 C
2096 2947 2097 2950 ’

416 2992 458 3019 23
486 2989 523 3020 vt
549 2988 742 3032 Scioppius
767 2990 941 3023 enotavit:
968 2989 1015 3023 ad
1043 2989 1073 3023 O
1093 2990 1104 3032 ΙΙ
1130 2993 1172 3022 25
1200 3001 1221 3023 a
1247 2991 1363 3023 matre
1389 2990 1600 3034 bbioppffls:
1626 2992 1741 3026 matre
1769 2989 1799 3024 C
1819 2991 1831 3032 ΙΙ
1855 2990 1892 3024 111
1920 2990 2103 3034 cognomi-

415 3045 497 3067 num
534 3034 610 3068 eius
647 3035 815 3070 arborem
851 3036 944 3070 lauri
978 3048 1122 3070 versam
1157 3035 1200 3069 F.
1229 3037 1424 3071 Schoeneus
1456 3038 1467 3081 ΙΙ
1498 3042 1541 3071 27
1576 3038 1624 3072 ad
1655 3049 1686 3071 v.
1714 3041 1782 3072 514
1813 3036 1988 3083 Penates]
2021 3039 2106 3073 sunt

416 3091 540 3114 omnes
567 3080 635 3124 dii,
662 3082 724 3125 qui
750 3082 848 3117 domi
875 3083 1053 3117 coluntur.
1086 3082 1121 3116 P
1822 3096 1827 3102 ·
