2204 3437
597 176 745 211 COMM.
773 176 824 210 IN
850 176 990 211 VERG.
1018 176 1126 211 AEN.
1155 176 1216 210 Ill.
1245 180 1347 212 1⁷3.
1729 177 1813 218 333

116 297 197 336 pro
236 284 422 325 universo
461 287 571 325 stata
611 284 748 325 Asiae.
806 285 913 325 bene
962 286 1104 324 autem
1146 294 1297 336 ASIAE,
1343 283 1465 337 quasi
1507 284 1660 325 tertiae
1703 286 1818 325 orbis

124 353 277 406 partis:
309 369 409 394 nam
441 354 635 409 Phrygia
666 355 709 395 in
743 354 847 395 Asia
879 357 962 407 est,
994 353 1122 394 Ilium
1154 354 1197 393 in
1230 353 1440 407 Phrygia,
1473 354 1545 394 sed
1579 355 1755 395 minore.

126 435 382 473 PRIAMIQVE
422 437 662 465 EVERTERE
701 436 888 465 GENTEM
925 439 1012 465 nou
1053 427 1118 465 est
1156 424 1348 477 iterati03
1389 438 1487 464 nam
1530 425 1673 477 potuit
1705 425 1819 465 aliud

125 494 216 534 sine
259 494 343 535 alio
386 495 496 548 fieri,
536 497 583 535 ut
629 496 694 535 vel
733 495 922 557 Phrygia
960 497 1054 535 tota
1093 497 1372 547 everteretur,
1410 494 1477 535 vel
1516 495 1655 535 solum
1693 495 1820 535 Ilium

117 565 297 617 perisset.

241 635 278 675 2.
337 646 527 676 GENTEM
566 648 829 676 INMERITAM
866 636 974 677 bene
1013 635 1246 689 ‘gentem':
1298 651 1396 676 nam
1437 635 1739 677 Laomedontis
1779 639 1821 677 et

125 704 291 745 Paridis
331 705 455 758 culpa
494 706 693 747 universa
731 719 834 760 gens
873 706 1011 760 perire
1050 720 1136 746 non
1175 705 1334 747 debuit.
1454 718 1593 747 VISVM
1638 718 1821 747 SVPERIS

123 778 170 815 ut
198 775 282 827 ipse
312 776 390 829 ait,
422 776 660 828 Ititmwm
692 777 893 817 Iunonem
924 777 1160 817 Illinervam
1192 777 1336 816 ridisse
1366 790 1406 817 sc
1436 790 1631 817 eversores
1666 777 1822 817 Troiae.

123 845 217 886 laus
250 845 319 885 Ilii
350 848 422 898 est,
457 847 567 899 quod
601 861 686 887 non
718 847 802 887 nisi
835 846 893 887 dii
923 849 1100 899 potuere
1134 846 1392 887 subvertere.
1442 847 1821 900 quotienscumque

125 917 268 956 autem
309 916 419 956 ratio
458 916 519 957 scel
549 918 747 974 *iudicium
779 932 863 958 non
897 919 1092 970 apparet,
1131 916 1212 956 tsic
1244 916 1404 957 visum'
1437 917 1744 971 interponitur,
1776 919 1821 957 ut

125 985 331 1027 Horatius
378 987 449 1027 sic
493 987 655 1027 visum
699 985 907 1040 Veneri,
952 1001 1046 1027 cum
1092 1000 1282 1027 amorem
1321 987 1565 1028 ostenderet
1605 1001 1690 1027 non
1732 1002 1821 1027 esse

123 1056 469 1110 pulchritudinis.
520 1060 563 1098 et
594 1057 701 1098 bene
729 1057 944 1098 accusatio
977 1057 1021 1097 in
1049 1057 1148 1097 deos
1181 1057 1311 1098 habet
1343 1058 1555 1111 quandam
1588 1058 1822 1098 veneratio-

123 1141 238 1180 nem3
271 1127 459 1181 alioquin
492 1128 766 1182 sacrilegium
799 1131 874 1168 est.

243 1198 282 1238 3.
340 1209 580 1239 SVPERBVM
620 1210 751 1239 ILIVM
789 1198 946 1239 nobile.
1010 1197 1178 1239 ‘Ilium'
1225 1202 1366 1240 autem
1406 1200 1624 1254 Vergilius
1670 1203 1822 1241 neutro

124 1271 293 1309 tantum
331 1281 485 1322 genere
524 1269 728 1322 declinat,
765 1268 972 1309 Horatius
1013 1269 1142 1309 etiam
1179 1269 1402 1323 feminino,
1446 1274 1493 1311 ut
1530 1286 1628 1312 non
1666 1272 1821 1312 semel

125 1338 255 1380 Ilios
294 1343 489 1381 vexata.
540 1354 641 1380 sane
679 1340 804 1380 modo
848 1339 1016 1380 ‘Ilium’
1055 1340 1226 1393 proprie
1266 1340 1315 1381 de
1358 1341 1533 1382 civitate
1566 1343 1691 1396 dixit,
1722 1357 1821 1383 nam

127 1411 246 1464 regio
280 1409 451 1451 ‘Troia’
485 1413 568 1451 est:
602 1411 797 1464 quamvis
829 1411 1042 1451 interdum
1074 1426 1152 1464 pro
1186 1411 1357 1452 civitate
1383 1412 1646 1465 provinciam
1678 1416 1823 1467 ponat,

126 1484 173 1521 ut
205 1481 316 1534 <11>
355 1484 404 1522 et
442 1496 644 1534 campos
684 1482 772 1522 ubi
809 1481 962 1522 Troia
999 1481 1109 1522 fuit.
1230 1494 1361 1523 ano
1401 1494 1556 1523 FVMAT
1591 1496 1822 1524 NEPTVNIA

126 1563 267 1593 TROIA
306 1551 479 1593 ‘humo’
520 1553 572 1593 ab
611 1553 762 1606 humo,
801 1553 845 1593 id
874 1556 931 1594 cst
956 1552 1163 1606 funditus,
1200 1555 1249 1593 ut
1281 1553 1494 1606 significet
1526 1554 1689 1607 patriae
1722 1568 1822 1594 suae

126 1623 263 1664 solum
302 1637 469 1677 quoque
509 1623 676 1664 arsisse.
733 1638 833 1664 sane
873 1623 1107 1677 quaeritur,
1147 1638 1228 1677 quo
1268 1624 1394 1664 modo
1434 1624 1590 1665 dixerit
1628 1624 1821 1665 ‘cecidit'

126 1696 168 1734 et
208 1693 400 1735 ‘fumat’.
452 1694 637 1735 sed-aut
676 1709 752 1748 per
792 1694 1010 1735 licentiam
1048 1695 1260 1747 poeticam
1299 1698 1469 1747 tempus
1508 1710 1584 1748 pro
1630 1698 1822 1749 tempore

124 1765 287 1818 posuit,
325 1766 373 1804 ut
410 1764 479 1818 <Π
517 1765 595 1817 12>
635 1765 933 1805 meminisse
971 1765 1151 1806 horret
1196 1766 1442 1820 luctuque
1486 1767 1697 1820 refugit:
1750 1771 1823 1807 aut

126 1837 239 1876 certe
271 1837 470 1875 naturam
507 1850 650 1876 rerum-
676 1835 902 1889 expressit3
935 1850 1034 1876 nam
1067 1836 1190 1876 ruina
1222 1836 1266 1876 in
1298 1837 1418 1877 brevi
1451 1837 1515 1890 fit,
1547 1836 1689 1877 fumus
1723 1851 1822 1877 vero

126 1905 258 1959 longo
297 1909 521 1959 permanet
559 1908 762 1959 tempore.
812 1921 912 1947 nam
952 1906 1063 1960 quod
1102 1907 1162 1947 ait
1194 1906 1380 1961 Probus,
1413 1908 1465 1947 ad
1499 1907 1822 1948 discernendum

126 1978 294 2030 tempus
310 1970 723 2018 circumflectendam
744 1977 943 2017 ultimam
958 1977 1185 2031 syllabam,
1206 1980 1254 2018 ut
1274 1978 1575 2032 intellegamus
1599 1978 1822 2032 ‘fumavitss

125 2060 211 2087 non
236 2047 440 2101 procedit,
468 2048 568 2101 quia
595 2047 735 2101 ‘pone’
762 2050 930 2089 tantum
955 2049 1166 2100 [verbum]
1194 2049 1238 2089 111
1265 2049 1419 2090 ultima
1438 2048 1570 2089 habet
1592 2054 1824 2103 accentum,

224 2167 263 2197 11
291 2163 483 2209 Horatius]
512 2175 611 2198 carm
638 2164 653 2197 I
680 2168 736 2208 33,
764 2169 806 2198 10
833 2166 844 2209 ΙΙ
867 2169 907 2198 15
935 2164 1126 2210 Horatius]
1155 2176 1264 2200 carm.
1292 2165 1341 2199 IV
1371 2169 1402 2208 9,
1432 2167 1567 2209 181124
1594 2166 1749 2211 Probus]
1778 2166 1822 2200 cf.

127 2209 298 2255 Steupius
323 2211 368 2245 de
394 2211 522 2246 Probis
548 2224 583 2256 p.
614 2215 678 2246 109
706 2223 758 2255 sq.
785 2213 829 2246 cf.
856 2212 949 2246 Don.
976 2213 1023 2246 ad
1049 2212 1129 2246 Ter.
1156 2213 1303 2257 adelph.
1332 2213 1381 2246 III
1407 2217 1440 2257 3,
1469 2218 1509 2246 11

222 2321 239 2350 1
268 2316 373 2360 quasi
398 2317 530 2352 tertiae
556 2328 621 2352 om.
649 2317 696 2352 F.
716 2320 727 2362 ΙΙ
748 2322 766 2352 2
796 2318 860 2352 sed
886 2329 951 2352 om.
979 2318 1073 2352 FM
1089 2319 1141 2361 114
1166 2320 1372 2353 uerteretur
1397 2319 1437 2352 F
1453 2320 1464 2362 Η
1492 2323 1509 2352 7
1537 2333 1643 2353 v1svi1
1670 2319 1820 2363 placuit.

128 2376 267 2398 svm-:ms
288 2364 395 2399 Lien.
421 2375 536 2408 supra
562 2364 715 2408 Verqz'h'c'
734 2366 840 2399 verba
859 2365 978 2399 visum
1000 2365 1141 2410 superis
1161 2367 1298 2410 scripta
1323 2370 1408 2400 sant
1427 2366 1568 2410 placuit
1587 2366 1642 2400 dis
1668 2368 1709 2400 ut
1728 2367 1824 2400 troia

128 2412 402 2446 subuerteretur
427 2413 468 2445 in
496 2412 528 2444 T
545 2412 556 2456 ΙΙ
578 2416 619 2445 10
646 2414 687 2446 ut
712 2412 886 2446 Horatius
915 2439 921 2446 .
944 2440 950 2446 .
974 2440 980 2446 .
1009 2413 1243 2457 sacrilegium
1270 2414 1327 2447 est
1352 2424 1417 2448 om.
1445 2413 1484 2446 F
1500 2414 1511 2456 ΙΙ
1534 2418 1573 2446 12
1602 2413 1765 2456 aliquam
1790 2414 1823 2446 L

129 2458 329 2501 (quandam
344 2459 369 2503 l)
389 2460 400 2503 ΙΙ
422 2463 463 2492 13
479 2459 644 2502 alioquid
659 2459 700 2492 H
717 2461 728 2502 ΙΙ
750 2464 792 2493 14
808 2473 985 2494 svvssnssvm
1000 2460 1133 2494 nobile.
1167 2473 1265 2494 imvm
1286 2460 1395 2493 llium
1406 2462 1529 2494 autem
1551 2461 1588 2493 F
1605 2462 1616 2504 ΙΙ
1640 2465 1679 2493 15
1693 2461 1821 2505 etiam]

129 2507 253 2540 autem
273 2506 342 2549 ΗΗ
363 2510 405 2539 16
431 2506 514 2540 11103
541 2517 583 2540 ωε
609 2506 702 2540 alios
723 2507 755 2539 L
774 2508 785 2550 ΙΙ
808 2511 848 2540 17
875 2506 982 2551 ponit
1002 2507 1034 2540 L
1059 2509 1199 2551 ponant
1224 2508 1235 2541 Ζ
1254 2508 1265 2550 ΙΙ
1287 2510 1328 2541 18
1355 2508 1409 2541 fui
1429 2507 1467 2540 F
1484 2509 1495 2551 ΙΙ
1515 2520 1610 2542 uvno
1633 2537 1639 2543 .
1663 2535 1669 2540 .
1694 2536 1700 2542 .
1721 2520 1823 2541 Tuom

127 2563 193 2586 om.
220 2552 259 2585 F
281 2555 292 2597 ΙΙ
319 2557 360 2587 19
387 2553 434 2587 ab
460 2553 572 2587 humo
599 2554 656 2599 ut]
685 2554 729 2588 ab
757 2554 887 2588 humus
914 2565 1036 2588 omani
1062 2554 1107 2587 H
1126 2555 1137 2598 ΙΙ
1162 2554 1326 2588 funditus
1352 2556 1433 2589 hab.
1463 2555 1495 2588 Τ
1512 2555 1523 2599 ΙΙ
1548 2555 1731 2599 significat
1755 2555 1788 2588 L
1813 2564 1823 2583 ὃ

128 2604 172 2633 20
199 2600 340 2635 arsisse.
384 2613 500 2634 rvnA‘r
527 2612 614 2635 sane
640 2601 680 2634 F
702 2602 713 2645 ΙΙ
733 2605 776 2635 22
802 2603 844 2635 ut
870 2628 876 2634 .
906 2630 912 2636 .
942 2629 948 2635 .
974 2601 1112 2645 refugit
1136 2613 1201 2636 om.
1229 2602 1268 2635 F
1284 2604 1294 2645 ΙΙ
1315 2602 1507 2646 luctusque
1534 2603 1575 2635 Η
1592 2604 1603 2646 ΙΙ
1623 2607 1665 2636 23
1693 2602 1731 2636 10
1757 2613 1821 2636 om.

128 2646 269 2680 FME
291 2649 303 2692 fl
328 2648 370 2682 fit
393 2647 497 2682 brevi
523 2648 562 2681 F
583 2649 594 2692 ΙΙ
619 2652 664 2682 24
689 2649 872 2694 tempore]
900 2650 964 2682 aut
991 2651 1105 2692 certe,
1138 2649 1236 2692 quod
1261 2650 1392 2683 melius
1420 2653 1492 2693 est,
1525 2650 1644 2683 fumat
1670 2660 1741 2683 non
1769 2651 1824 2683 cst

127 2704 301 2738 praesens
333 2696 494 2738 tempus,
529 2695 593 2729 sed
617 2697 860 2739 praeteritum
892 2707 958 2740 per
985 2696 1172 2740 sincopam
1204 2697 1390 2740 prolatum
1416 2708 1481 2741 pro
1508 2697 1675 2731 fumauit.
1726 2697 1823 2739 quod

128 2741 226 2785 apud
257 2741 392 2776 latinos
424 2753 496 2776 non
529 2742 648 2776 solum
679 2743 717 2776 in
749 2743 909 2777 secunda
941 2743 1119 2787 singulari
1152 2745 1187 2777 et
1218 2744 1354 2787 plurali
1380 2744 1564 2787 tertiaque
1591 2743 1726 2787 plurali
1752 2743 1822 2776 sin-

128 2798 259 2832 copam
283 2789 440 2832 patitur,
472 2791 514 2822 ut
538 2789 687 2824 fumasti
713 2802 779 2834 pro
805 2790 995 2824 fumauisti
1021 2792 1058 2824 et
1088 2790 1256 2825 fumastis
1282 2803 1348 2834 pro
1382 2791 1607 2833 fumauistis,
1634 2792 1824 2824 fumarunt

128 2846 193 2879 pro
218 2835 464 2880 fumauerunt,
491 2836 553 2870 sed
574 2836 687 2870 etiam
708 2838 764 2871 est
789 2837 933 2881 quando
955 2837 991 2871 in
1010 2837 1124 2871 tertia
1149 2838 1340 2882 singulari,
1366 2841 1407 2872 ut
1432 2839 1550 2872 fumat
1570 2850 1634 2881 pro
1654 2837 1822 2871 fumauit.

130 2883 228 2925 quod
249 2894 332 2917 cum
354 2883 403 2917 sit
423 2885 594 2917 accentus
614 2884 840 2927 penultimae
866 2884 904 2918 in
924 2884 1057 2918 ultima
1077 2886 1161 2919 add.
1188 2886 1243 2927 E,
1269 2887 1449 2929 erpzmxe't
1475 2898 1491 2919 e
1510 2887 1521 2929 ΙΙ
1540 2897 1624 2918 nam
1652 2884 1773 2928 quod.
1792 2912 1798 2917 .
1815 2912 1821 2919 .

128 2931 225 2963 retro
252 2941 317 2965 om.
350 2930 390 2963 F
412 2931 423 2974 Η
449 2935 492 2965 26
518 2930 702 2974 procedit:
735 2932 902 2974 quamvis
936 2933 1108 2965 accentus
1141 2932 1369 2966 differentiae
1397 2944 1507 2966 causa
1539 2932 1751 2974 adhibetur,
1783 2933 1824 2965 ut

132 2976 268 3020 ‘pone'
297 2978 450 3012 verbum
468 2978 610 3011 nullum
632 2978 745 3012 habet
765 2979 969 3014 accentum.
1014 2990 1108 3023 pone
1128 2980 1252 3013 tamen
1272 2978 1309 3012 in
1329 2980 1461 3013 ultima
1482 2979 1596 3013 habet
1620 2980 1822 3021 accentum,

129 3026 172 3057 ut
196 3024 377 3068 significet
400 3026 508 3060 retro.
536 3025 735 3059 Is'abricms
753 3026 764 3069 ΙΙ
795 3025 882 3069 quia
908 3052 915 3059 .
943 3053 949 3059 .
979 3055 984 3061 .
1013 3026 1180 3070 verbum]
1208 3037 1303 3069 pone
1334 3029 1460 3061 tamen
1491 3026 1704 3060 adverbium
1731 3027 1822 3061 emti.

129 3070 378 3105 Burmannus.
429 3073 474 3114 cf.
502 3072 547 3106 F.
571 3073 767 3106 s'choellz'oscs
792 3074 834 3107 de
859 3084 930 3107 (ccc.
959 3074 978 3107 Ι.
1002 3074 1022 3107 l.
1046 3085 1082 3116 J).
1107 3078 1149 3106 ‘33
1178 3075 1262 3107 tuln.
1292 3075 1303 3118 Η
1336 3074 1371 3107 in
1398 3073 1532 3107 ultima
1557 3073 1670 3108 habet
1696 3084 1822 3108 acccw

130 3118 224 3161 tum]
252 3118 316 3152 dat
341 3120 534 3153 accentum
560 3119 713 3154 ultimae
739 3120 903 3164 syllabae
932 3121 977 3153 M
987 3120 1025 3153 Ε

1846 578 1866 607 <51

1852 932 1862 961 1

1849 1638 1868 1667 2

1849 1992 1867 2021 10

1873 1992 1892 2021 cl

1872 933 1891 961 (J

1873 1640 1893 1668 0
