2204 3437
610 160 758 196 COMM.
785 161 836 195 IN
864 161 1005 196 VERG.
1032 162 1142 196 AEN.
1170 163 1196 196 Ι.
1224 166 1420 197 534-538.
1780 163 1862 205 165

168 268 298 309 Orion
327 282 430 323 ergo
455 271 608 322 postea
642 271 818 310 venator
850 268 1004 322 factus,
1036 269 1141 310 velut
1173 270 1298 310 trium
1322 273 1542 322 pareutum
1568 271 1720 313 viribus
1751 274 1860 326 fisus,

166 339 264 379 dum
298 339 428 380 vellet
461 354 555 380 cum
588 339 729 380 Diana
761 340 1057 393 concumbere,
1093 342 1141 380 ut
1172 339 1379 381 Horatius
1412 340 1533 394 dicit,
1565 341 1655 382 eius
1689 343 1859 396 sagittis

168 409 331 450 occisus
365 412 447 463 est,
480 412 528 450 ut
559 409 772 464 Lucanus,
804 410 981 451 inmisso
1015 410 1237 463 scorpione
1269 410 1415 464 periit,
1458 413 1500 452 et
1532 411 1704 453 deorum
1738 414 1858 454 mise-

163 479 327 520 ratione
359 480 521 521 relatus
554 480 597 520 in
625 480 764 522 sidera
790 481 959 535 signum
988 480 1201 522 famosum
1227 482 1558 534 tempestatibus
1591 482 1704 524 fecit.
1772 485 1859 525 veri

165 549 347 591 similius
395 553 537 591 antem
580 553 645 592 est
685 566 709 591 a
747 551 967 604 scorpione
1005 550 1328 605 interemptum,
1371 567 1454 605 quo
1493 553 1655 594 oriente
1693 554 1858 609 occidit,
1886 565 1906 595 5

161 621 259 673 qnia
302 624 338 662 ct
378 623 626 674 scorpionem
671 625 879 674 tamquam
924 622 1093 662 ultorem
1129 623 1354 674 pudicitiae
1391 622 1537 663 Diana
1578 624 1682 665 imens-
1724 626 1859 666 sidera

161 691 387 733 collocavit:
427 692 542 733 onius
580 692 712 733 chelae
748 695 982 745 computatae
1019 693 1136 733 αἶψά
1170 693 1333 745 sz'fflmm
1369 693 1568 744 feccmmss·
1609 708 1708 736 mim
1751 697 1859 748 ipsae

160 764 257 802 sunt
287 761 403 802 libra.
467 775 566 802 sane
608 762 692 814 ipsc
726 761 853 803 Orion
892 762 1184 816 magnitudine
1225 777 1300 803 sua
1338 763 1483 804 multis
1524 764 1660 805 oritur
1697 766 1857 821 diebus7

161 833 202 872 et
234 831 327 872 ideo
363 832 452 872 eius
487 832 617 872 etiam
652 833 762 886 apud
795 823 959 886 peritos
993 835 1058 873 est
1090 833 1252 873 incerta
1279 835 1528 887 tempestas:
1562 836 1672 876 unde
1698 836 1855 877 dictum

159 905 224 943 est
257 901 375 943 ecum
409 902 550 943 subito
585 902 842 956 adsurgens'
882 903 934 944 ad
968 903 1285 945 excusationem
1323 919 1408 945 non
1446 906 1666 958 praevisae
1698 909 1856 961 tempe-
1887 920 1927 949 10

160 973 297 1014 statis.
348 976 391 1014 et
411 973 537 1014 multi
559 973 773 1027 superfluo
796 976 1021 1028 quaerunt,
1049 989 1121 1015 cur
1148 977 1266 1016 ortus
1295 979 1650 1017 commemoretur
1671 975 1857 1028 Orionis,

158 1059 251 1085 cum
285 1044 341 1085 sit
373 1043 554 1084 inmissa
594 1059 617 1084 a
649 1043 809 1085 Iunone
847 1047 1095 1098 tempestas.
1159 1045 1229 1086 sed
1262 1045 1452 1088 Ilioneus
1491 1047 1576 1089 ista
1613 1062 1698 1089 non
1736 1049 1857 1089 novit

156 1129 264 1169 quae
304 1130 328 1155 a
364 1117 492 1168 poeta
532 1129 659 1168 supra
698 1115 811 1156 dicta
852 1118 966 1169 sunt,
1007 1130 1082 1169 per
1121 1130 1306 1170 musam7
1345 1120 1392 1158 ut
1431 1117 1633 1172 diximus,
1673 1119 1856 1173 cognita.

155 1188 196 1226 et
229 1189 398 1227 constat
430 1186 605 1226 numina
637 1186 720 1227 nisi
753 1186 927 1227 inventa
955 1187 1176 1228 occasione
1203 1202 1355 1229 nocere
1381 1203 1467 1230 11011
1494 1204 1638 1242 posse:
1673 1190 1783 1244 quod
1811 1191 1854 1231 in

155 1256 270 1297 omni
304 1271 378 1298 suo
420 1271 546 1310 opere
579 1256 797 1310 Vergilius
836 1257 1065 1311 diligenter
1104 1258 1317 1299 observat.
1380 1259 1472 1300 bene
1508 1264 1642 1301 autem
1681 1259 1853 1314 ‘ozim'bo-
1883 1274 1924 1303 15

153 1326 254 1379 5215'7
285 1329 356 1380 qul
393 1330 429 1368 ef
465 1331 553 1368 ortu
592 1341 664 1369 suo
702 1331 738 1369 et
773 1342 914 1369 occasu>
952 1331 1199 1381 tempestates
1241 1334 1457 1384 commovet,
1495 1332 1599 1372 siout
1627 1332 1689 1372 ait
1718 1332 1853 1373 Hora-

156 1399 237 1439 tius
267 1412 361 1450 qua
393 1399 558 1440 tristis
585 1398 737 1440 Orion
764 1400 921 1449 cadim
947 1403 985 1440 ct
1008 1401 1106 1452 quia
1131 1400 1203 1441 hoc
1227 1401 1386 1454 siquam
1414 1401 1472 1442 ibi
1496 1405 1566 1452 est,
1593 1402 1663 1443 uba*
1688 1403 1854 1456 Hyades

154 1469 262 1510 circa
289 1469 466 1521 frontem
501 1469 540 1509 T
537 1470 642 1510 (curi.

272 1540 368 1580 536.
418 1552 466 1580 IN
487 1552 612 1581 VADA
634 1551 782 1582 CAECA
803 1541 1041 1595 incognita,
1070 1542 1263 1584 latentia.
1356 1553 1640 1585 PRocAclssvs
1662 1556 1851 1587 [xvs'rms

151 1611 536 1663 perseverantibus.
613 1614 654 1652 et
698 1626 856 1665 procax
900 1612 1069 1666 proprie
1114 1615 1243 1666 petax
1288 1616 1369 1667 est7
1420 1629 1519 1655 nam
1564 1629 1741 1668 procare
1788 1619 1852 1657 est
1879 1627 1922 1657 20

154 1682 316 1734 petere,
348 1681 457 1722 unde
492 1684 532 1722 et
558 1682 676 1735 proci
711 1682 950 1735 [petitores]
980 1683 1190 1724 dicuntur.
1240 1685 1317 1725 alii
1350 1683 1623 1736 ‘procacibus’
1658 1687 1850 1739 inpuden—

156 1751 260 1793 tibus
292 1753 469 1793 tradunt.
1024 1741 1028 1743 λ

270 1823 366 1863 537.
419 1835 600 1873 PERQVE
627 1836 778 1870 vNDAs
807 1836 1076 1866 SVPERANTE
1106 1837 1221 1867 SALo
1250 1826 1415 1867 elevato
1443 1827 1553 1867 mari
1580 1829 1621 1868 et
1648 1827 1691 1867 in
1718 1828 1850 1869 undas

152 1893 306 1947 diviso,
338 1897 386 1935 ut
419 1894 528 1936 solet
560 1895 603 1936 in
635 1897 903 1949 tempestate.
968 1895 1102 1937 ‘salo’
1143 1899 1286 1938 autem
1324 1898 1441 1938 venit
1475 1898 1527 1939 ab
1562 1912 1609 1938 eo
1644 1898 1753 1952 quod
1787 1902 1851 1940 est

151 1963 231 2005 1100
263 1964 400 2005 salum
435 1966 533 2019 sali,
564 1981 664 2006 nam
698 1966 804 2007 sale
837 1966 1074 2008 tabentes
1116 1967 1168 2008 ab
1202 1982 1250 2008 eo
1285 1968 1396 2021 quod
1435 1971 1499 2009 est
1537 1968 1605 2009 hic
1639 1969 1701 2009 sal
1735 1970 1849 2010 salis.
1876 1980 1919 2010 25

267 2047 450 2085 PERQVE
484 2048 610 2077 INVIA
645 2047 763 2078 SAXA
797 2036 966 2092 ‘invia'7
1006 2037 1049 2078 id
1090 2042 1154 2079 est
1197 2053 1366 2094 aspera,
1405 2039 1604 2080 inmania.
1667 2040 1775 2081 unde
1809 2043 1851 2081 ct

150 2105 262 2147 Dido
294 2107 424 2160 paulo
450 2110 550 2160 post
577 2107 704 2161 equae
731 2108 793 2148 vis
821 2108 1064 2150 inmanibus
1093 2109 1281 2163 adplicat
1308 2109 1445 2151 oris’?
1492 2124 1579 2151 non
1606 2111 1717 2151 enim
1751 2125 1849 2152 suos

149 2175 384 2230 vituperat,
418 2177 489 2218 sed
521 2181 718 2219 naturam
752 2179 892 2220 litoris
926 2179 1082 2233 culpat.

268 2246 366 2289 538.
417 2265 495 2290 uro
522 2266 639 2290 mres
678 2249 764 2290 vult
804 2249 997 2303 inbellem,
1045 2253 1093 2290 ut
1133 2250 1301 2302 quidcmt
1344 2251 1529 2303 tradunt,
1572 2265 1772 2304 superesse
1814 2256 1851 2294 ct

149 2317 254 2358 alios
294 2318 365 2369 qm·
404 2321 500 2358 suut
538 2318 583 2359 1ἰη
622 2320 763 2370 futmo
803 2320 993 2366 vindices,
1025 2320 1063 2360 δι’
1099 2321 1169 2361 isti
1203 2320 1361 2371 fuerint
1392 2316 1511 2371 laese:
1550 2335 1649 2363 ‘nam
1685 2322 1757 2364 leoc
1794 2327 1850 2365 cst

244 2436 263 2466 2
298 2432 487 2478 Horatius]
524 2444 633 2468 carm.
669 2435 719 2469 ΙΙΙ
752 2439 789 2479 4,
824 2439 865 2469 71
898 2436 909 2478 Η
941 2439 960 2469 3
993 2435 1181 2480 Lucanus]
1215 2436 1265 2469 IX
1299 2439 1365 2471 836
1398 2438 1409 2480 ΙΙ
1443 2441 1484 2470 16
1517 2437 1707 2482 Horatius]
1742 2438 1846 2482 epod.

152 2484 205 2524 10,
235 2483 277 2513 10
298 2481 309 2524 ΙΙ
328 2484 373 2515 20
400 2481 437 2514 et
462 2492 599 2524 procax
627 2509 632 2514 .
655 2510 660 2516 .
685 2509 691 2515 .
719 2481 885 2527 tradunt]
914 2493 1028 2519 exscr.
1054 2482 1138 2517 Isid.
1167 2483 1256 2527 orig.
1280 2483 1312 2516 X
1332 2487 1409 2518 214.
1439 2483 1483 2519 cf.
1506 2484 1646 2519 Nonius
1666 2497 1700 2529 p.
1722 2489 1777 2519 23.
1799 2486 1847 2521 M.

154 2528 192 2561 et
215 2527 307 2562 Don.
336 2527 382 2561 ad
408 2527 488 2562 Ter.
516 2528 594 2562 hec.
622 2529 638 2562 I
664 2533 701 2573 2,
728 2533 773 2563 84
805 2529 816 2573 ΙΙ
848 2533 890 2563 25
919 2529 1010 2574 sale]
1040 2530 1080 2563 A.
1108 2531 1121 2563 I
1151 2534 1216 2564 173

250 2637 266 2667 1
297 2633 408 2668 Orion
435 2634 538 2680 ergo]
564 2634 625 2669 1110
645 2635 680 2669 B
706 2635 765 2670 hic
792 2647 877 2680 ergo
906 2635 1008 2670 orion
1030 2635 1060 2670 C
1074 2637 1085 2679 ΙΙ
1104 2635 1195 2670 fusis
1218 2636 1247 2670 G
1268 2636 1370 2671 fusus
1390 2649 1433 2672 m.
1454 2649 1519 2672 rec.
1541 2639 1552 2682 ΙΙ
1573 2643 1591 2673 2
1614 2650 1693 2672 cum
1716 2638 1846 2673 dianae

149 2680 227 2714 uim
252 2681 367 2715 uellet
391 2680 526 2716 inferre
555 2681 585 2716 C
612 2682 637 2727 {1'
655 2687 674 2716 3
700 2683 797 2727 perit
825 2683 854 2717 O
881 2684 892 2727 Η
924 2687 944 2717 4
976 2683 1116 2717 relatus
1141 2682 1238 2717 inter
1264 2684 1385 2718 sidera
1408 2686 1444 2718 B
1481 2685 1577 2719 inter
1611 2685 1731 2719 sidera
1757 2686 1847 2720 rela-

148 2728 206 2762 tus
235 2727 264 2762 C
293 2729 304 2771 {l
337 2732 356 2762 6
388 2728 594 2772 pudiciciae
629 2729 659 2764 O
686 2731 698 2774 {l
731 2734 748 2764 7
783 2730 907 2764 caelae
943 2730 972 2764 G
1000 2731 1011 2775 ΙΙ
1043 2730 1157 2764 alium
1192 2730 1222 2764 G
1249 2732 1260 2775 ΙΙ
1292 2731 1370 2776 ipse
1406 2731 1436 2766 C
1463 2733 1474 2776 Η
1507 2736 1548 2766 10
1581 2733 1751 2777 prouisac
1786 2734 1815 2767 G

151 2778 192 2808 12
220 2775 284 2809 sed
311 2777 347 2809 et
374 2775 404 2809 C
431 2776 443 2819 ΙΙ
475 2780 517 2810 13
544 2777 586 2810 ut
611 2776 750 2811 dictum
777 2780 834 2811 est
861 2776 890 2811 C
912 2779 923 2821 ΙΙ
950 2781 992 2812 16
1019 2776 1097 2822 qui]
1125 2777 1212 2821 quia
1237 2780 1394 2812 enotavit
1421 2781 1615 2823 Scioppius·
1641 2781 1651 2823 ΙΙ
1681 2784 1720 2813 17
1749 2780 1848 2814 caint

152 2821 182 2856 C
209 2823 220 2866 ΙΙ
249 2822 364 2866 yades
392 2822 422 2857 Ο
444 2822 551 2857 sicles
578 2823 773 2868 Scioppius
798 2826 809 2868 [Ι
839 2828 880 2858 19
908 2825 956 2858 ad
981 2836 1011 2859 v.
1040 2828 1106 2859 536
1133 2825 1174 2858 111
1199 2825 1297 2859 uada
1323 2826 1449 2870 caeca]
1477 2826 1667 2870 incognita
1693 2826 1847 2862 latentia

151 2898 156 2904 .
180 2897 186 2904 .
210 2896 217 2903 .
244 2869 508 2914 inpudentibus
533 2870 694 2905 tradunt.
725 2871 761 2904 1²
789 2872 800 2915 Η
836 2875 876 2905 21
906 2870 1085 2916 petitores
1110 2872 1253 2906 seclusit
1279 2872 1324 2906 F.
1353 2874 1559 2907 hthoellizcs.
1604 2884 1757 2907 uxorum
1784 2886 1845 2918 pc—

148 2915 277 2950 titores
311 2917 343 2950 L
377 2917 529 2960 fortasse
560 2918 877 2953 matrimoniorum
909 2919 1096 2962 petitores.
1130 2919 1173 2962 cf.
1206 2919 1353 2953 Nonius
1383 2921 1394 2963 Η
1426 2924 1468 2953 23
1502 2921 1549 2954 ad
1580 2931 1610 2955 T.
1639 2924 1705 2954 537
1741 2920 1843 2966 Salo]

149 2963 273 2998 autem
304 2964 407 2998 uenit
432 2964 479 2999 ab
506 2975 547 2999 οο
574 2976 643 3009 que
672 2965 796 3009 (quod)
824 2967 880 2999 est
903 2966 1019 2999 salum
1047 2966 1126 3000 sali.
1177 2977 1262 2999 nam
1292 2966 1388 3000 ‘salo
1425 2967 1613 3001 tabentes'
1643 2968 1690 3002 ab
1717 2978 1759 3002 eo
1787 2970 1844 3010 (co

149 3010 254 3053 deest)
280 3011 377 3054 quod
403 3012 458 3045 est
484 3011 543 3046 hic
570 3012 623 3046 sal
651 3012 746 3046 salis.
777 3013 812 3045 Ι)
829 3015 840 3056 ΙΙ
860 3016 902 3046 25
925 3013 1030 3057 salis,
1058 3025 1139 3047 cum
1161 3013 1278 3046 salum
1300 3024 1321 3047 a
1341 3010 1483 3047 σαλεύω
1504 3014 1542 3047 J)
1561 3016 1572 3058 ΙΙ
1592 3018 1635 3048 29
1657 3015 1705 3049 ad
1724 3027 1753 3049 r.
1776 3019 1844 3049 538

154 3056 330 3103 Dispulit]
358 3058 539 3103 dispersit.
584 3059 811 3093 Adnauimus
834 3059 922 3106 oris]
950 3071 1016 3104 pro
1043 3059 1299 3094 adnatauimus
1326 3071 1390 3104 per
1416 3072 1601 3105 syncopen
1627 3061 1841 3107 (sincopen).

154 3103 188 3135 P
215 3104 227 3147 Η
258 3108 300 3138 29
334 3105 370 3138 in
397 3105 516 3140 futei-o
542 3107 595 3140 vel
619 3106 741 3141 futoro
770 3107 798 3140 (J
823 3108 926 3151 (corr.
955 3106 1012 3151 C2’)
1042 3137 1046 3141 .
1071 3135 1076 3141 .
1101 3135 1106 3140 .
1135 3106 1249 3140 futuri
1275 3107 1353 3152 (sic)
1380 3107 1574 3152 Scioppius
