2204 3437
310 902 348 931 10

304 1255 345 1284 15

378 151 427 190 lO
1133 149 1288 183 SERVII

372 258 601 299 Palinurus
631 261 667 297 et
698 257 895 298 Misenus.
957 256 1091 296 altum
1129 259 1274 297 tamen
1314 256 1528 297 sciendum
1562 257 1626 296 est
1658 255 1768 308 quod
1801 258 1844 296 et
1878 255 2065 309 superio-

372 342 478 380 rem,
512 331 554 368 ut
579 327 717 368 Μαῖα
746 326 964 379 {sonitum
990 327 1206 367 demittit
1234 340 1288 367 etv
1319 327 1420 367 alto
1453 329 1495 366 et
1520 324 1765 366 inferiorem
1792 325 2065 367 altitudinem

374 399 603 451 significat-3
637 411 819 450 namque
852 411 1073 436 mensurae
1106 412 1259 438 nomen
1291 400 1355 437 est
1389 396 1584 437 altitudo.

489 469 527 508 4.
584 480 629 508 Vl
676 477 887 508 SVPERVM
932 466 1138 507 violentia
1182 467 1373 520 deorum,
1424 466 1653 508 secundum
1697 467 1950 520 Homerum,
1995 466 2065 520 qui

372 538 474 580 dicit
516 553 540 578 a
582 537 741 578 Iunone
786 539 960 589 rogatos
1004 551 1095 578 esse
1137 537 1238 578 deos
1277 538 1318 578 in
1353 537 1496 577 odium
1530 536 1830 578 Troianorum:
1874 537 1985 591 quod
2025 539 2068 578 et

373 608 589 661 Vergilius
628 606 776 660 tetigit
816 606 958 647 dicens
1003 621 1090 648 vos
1137 622 1332 661 quoque
1374 607 1685 660 Pergameae
1731 606 1826 647 iam
1871 608 1947 648 fas
1992 609 2069 648 est

372 692 577 731 parcere
611 677 772 730 genti,
805 676 954 730 dique
987 677 1211 731 deaeque
1245 692 1426 719 omnes.
1488 677 1672 717 latenter
1705 679 1847 718 autem
1879 677 2069 719 defendit

373 748 450 788 hae
472 747 637 789 ratione
659 746 885 800 Troianos,
907 747 1018 800 quod
1038 762 1124 788 non
1146 762 1221 788 suo
1249 748 1401 788 merito
1423 762 1493 788 eos
1521 747 1856 800 insequebantur
1882 749 2069 802 numina,

375 818 445 858 sed
479 817 653 858 Iunonis
687 817 870 870 inpulsu.
991 818 1109 858 multi
1141 817 1202 858 ‘vel
1232 817 1444 871 supcrum’
1476 832 1594 870 posse
1631 817 1760 870 accipi
1791 818 1932 859 (le'czmt
1960 819 2069 860 Irim

377 888 548 929 Aeolum
593 889 817 929 Iuturnam
860 887 1077 937 Iunonem,
1127 889 1197 929 sed
1240 889 1382 929 mellus
1428 889 1625 938 indicant,
1674 889 1714 929 vi
1762 902 1885 940 qnam»
1933 890 2070 942 superi

371 959 524 999 habent.
646 970 822 999 SAEVAE
858 973 952 998 cum
993 973 1016 998 a
1055 958 1238 999 iuvando
1272 958 1386 999 dieta
1426 958 1482 998 sit
1519 957 1644 1011 Iuno,
1683 962 1892 1012 quaerunt
1931 960 2068 1012 multi,

372 1043 443 1069 cur
475 1043 568 1069 eam
601 1029 756 1069 dixerit
789 1042 978 1081 saevam,
1017 1031 1059 1070 et
1090 1030 1243 1082 putant
1276 1028 1513 1082 temporale
1546 1042 1637 1069 esse
1671 1028 1909 1082 epitheton,
1946 1030 2067 1083 quasi

373 1114 497 1140 saeva
548 1100 659 1140 cirea
702 1098 930 1150 Troianos,
982 1099 1218 1140 nescientes
1272 1099 1381 1152 quod
1433 1112 1604 1139 saevam
1655 1098 1854 1139 dicebant
1904 1101 2068 1140 veteres

372 1183 582 1224 magnam.
652 1170 711 1211 sie
750 1169 914 1210 Ennius
954 1169 1132 1210 induta
1169 1169 1271 1209 fuit
1310 1183 1460 1209 saeva
1499 1169 1645 1209 stola.
1707 1169 1810 1209 item
1850 1169 2068 1224 Vergilius

374 1254 466 1281 cum
495 1241 648 1294 ubique
675 1240 792 1294 pium
819 1240 993 1280 inducat
1020 1239 1227 1288 Aeneam,
1255 1239 1315 1279 ait
1342 1239 1587 1280 maternis
1621 1254 1801 1280 saevus
1834 1239 1883 1280 in
1917 1240 2069 1281 armis

372 1310 586 1364 Aeneas,
626 1311 666 1351 id
705 1313 771 1351 est
809 1324 1000 1364 magnus.
1128 1321 1359 1350 MEMOREM
1405 1320 1594 1350 IVNOle
1644 1320 1701 1349 ΟΒ
1741 1321 1855 1350 IRAM
1901 1313 2069 1351 constat

371 1381 508 1421 multa
533 1381 577 1421 in
604 1382 848 1423 auctoribus
875 1381 1059 1422 inveniri
1085 1396 1160 1434 per
1187 1381 1447 1422 contrarium
1475 1380 1781 1434 significantia:
1813 1395 1891 1434 pro
1919 1381 2069 1422 activis

370 1451 556 1505 passiva,
601 1455 647 1493 ut
697 1452 852 1506 pictis
904 1452 1172 1493 bellantur
1216 1450 1494 1492 Amazones
1547 1451 1718 1504 (ιι-0115,
1764 1465 1841 1504 pro
1886 1451 2069 1504 passivis

372 1521 528 1575 activa,
578 1525 624 1564 ut
675 1523 987 1576 populatque
1038 1522 1301 1575 ingentem
1351 1520 1508 1561 farris
1560 1535 1806 1561 acervum.
1882 1523 1923 1561 et
1966 1521 2070 1562 haee

373 1592 555 1633 varietas
588 1594 655 1633 vel
682 1593 823 1646 potius
857 1593 1138 1634 contrarietas
1165 1592 1379 1633 invenitur
1406 1591 1536 1632 etiam
1564 1591 1607 1631 in
1634 1590 1726 1631 aliis
1754 1591 1949 1644 partibus
1978 1606 2068 1632 ora-

371 1662 520 1716 tionis,
546 1666 593 1704 ut
620 1664 676 1704 sit
703 1663 948 1704 adverbium
978 1678 1053 1716 pro
1082 1662 1301 1715 adverbio,
1329 1664 1375 1702 ut
1403 1664 1466 1702 est
1493 1661 1586 1701 hoe
1617 1663 1734 1701 tune
1766 1661 2069 1715 ignipotens

372 1733 514 1774 eaelo
555 1733 820 1775 descendit
860 1732 917 1772 ab
958 1732 1064 1773 alto
1105 1746 1183 1785 pro
1222 1731 1322 1785 huc3
1366 1734 1407 1772 et
1439 1732 1483 1771 in
1515 1730 1760 1784 participi0‚
1798 1733 1847 1771 ut
1884 1734 1934 1772 et
1977 1747 2071 1786 qua

373 1805 547 1844 vectus
570 1803 703 1845 Abas
723 1798 806 1857 xpro
835 1818 918 1857 qua
939 1803 1190 1856 vel1ebatur3
1219 1805 1262 1844 et
1281 1803 1324 1843 in
1345 1802 1527 1855 nomine,
1553 1804 1601 1842 ut
1627 1800 1875 1842 ‘memorem
1895 1802 2069 1843 lunonis

373 1873 427 1913 ob
459 1873 588 1914 iram'
619 1889 706 1915 non
739 1888 845 1927 quae
878 1874 1146 1927 meminerat,
1179 1874 1251 1914 sed
1284 1888 1392 1927 quae
1435 1874 1477 1914 in
1513 1872 1719 1913 memoria
1754 1875 1856 1913 erat.
1919 1873 1968 1913 de
2000 1873 2068 1913 his

472 1993 486 2021 1
516 1989 632 2023 altum
661 2017 666 2023 .
696 2017 701 2022 .
731 2018 737 2024 .
765 1989 962 2033 significat]
990 1989 1074 2023 Isid.
1102 1989 1177 2024 diff.
1205 1989 1303 2024 verb.
1334 1993 1376 2022 14
1400 1990 1412 2032 ΙΙ
1436 1992 1456 2022 2
1484 1987 1598 2033 Maia]
1627 1988 1667 2021 A.
1695 1987 1710 2021 I
1738 1991 1803 2021 297
1830 1988 1842 2031 ΙΙ
1872 1992 1891 2022 6
1919 1988 1999 2033 vos]
2029 1989 2068 2022 A.

374 2035 422 2069 Vi
452 2038 589 2080 (331114
617 2037 771 2081 Ε1101115]
799 2040 891 2080 trag.
920 2036 982 2070 rel.
1010 2040 1076 2070 391
1105 2047 1162 2080 ap.
1184 2036 1291 2070 Ribb.
1319 2036 1374 2070 ed.
1404 2035 1445 2079 ΙΙ,
1473 2039 1541 2069 430
1566 2046 1625 2078 ap.
1646 2034 1752 2069 Vahl.
1773 2035 1785 2078 ll
1810 2039 1847 2068 15
1876 2034 2069 2080 maternis]

377 2083 414 2115 A.
443 2083 510 2116 XII
541 2087 603 2117 107
630 2084 642 2127 ΙΙ
675 2088 716 2118 18
744 2083 868 2128 pictis]
896 2083 936 2117 A.
964 2083 1014 2116 XI
1041 2087 1108 2117 660
1133 2084 1145 2127 1]
1173 2087 1213 2117 19
1241 2082 1485 2127 populatque]
1514 2093 1639 2126 georg.
1667 2082 1681 2114 Ι
1710 2085 1774 2116 185
1801 2082 1812 2125 ΙΙ
1844 2085 1886 2115 21
1916 2082 2000 2127 hoe]
2028 2082 2069 2116 A.

376 2129 460 2162 VIII
490 2130 651 2173 4231122
679 2132 715 2165 et
741 2131 828 2175 qua]
859 2132 899 2164 A.
928 2130 942 2163 I
971 2134 1033 2164 121

472 2239 487 2267 1
516 2236 641 2269 tamen
668 2247 732 2270 om.
756 2231 803 2269 Μ
819 2236 831 2279 ΙΙ
851 2240 871 2269 4
894 2236 941 2270 acl
965 2247 996 2270 sc.
1018 2239 1039 2269 4
1064 2235 1110 2270 Vi
1133 2237 1321 2281 superum]
1349 2235 1529 2269 uiolentia
1549 2235 1716 2276 (1001111ος
1744 2245 1815 2268 non
1837 2245 1902 2268 suo
1929 2234 2072 2279 merito,

375 2281 439 2315 sed
466 2281 614 2316 Iunonis
640 2283 798 2327 inpulsu.
849 2282 886 2316 id
913 2283 968 2316 est
1000 2282 1037 2315 ui
1069 2295 1179 2326 quam
1205 2285 1306 2327 (qua)
1339 2282 1461 2327 superi
1493 2282 1643 2316 habent.
1694 2282 1894 2315 Memorem
1921 2281 2069 2315 Iunonis

376 2328 421 2362 ob
442 2328 550 2373 iram]
584 2330 700 2364 multa
725 2329 962 2364 inueniuntur
987 2329 1024 2362 in
1051 2330 1262 2364 auctoribus
1290 2329 1492 2372 contraria,
1519 2328 1635 2363 ueluti
1662 2339 1726 2371 pro
1753 2327 1885 2362 aetiuis
1911 2328 2069 2372 passiua,

375 2376 416 2408 ut
443 2375 568 2418 ‘pictis
594 2375 780 2411 bellantur
807 2387 1000 2410 amazones
1028 2378 1287 2420 (amazonides)
1314 2376 1455 2420 armis’‚
1483 2387 1548 2421 pro
1575 2375 1730 2420 passiuis
1758 2375 1896 2417 aetina,
1924 2377 1964 2409 ut
1992 2375 2071 2419 ‘po-

376 2422 552 2465 pulatque
578 2422 767 2468 ingentem
794 2423 900 2457 farris
926 2424 1132 2457 aceruum'.
1184 2424 1384 2467 aliquando
1416 2423 1453 2456 in
1486 2423 1569 2457 aliis
1601 2422 1767 2466 partibus
1800 2421 1973 2467 contigit:
2008 2422 2070 2456 ad-

378 2469 543 2503 uerbium
576 2482 640 2514 pro
674 2470 865 2512 aduexbio,
904 2471 944 2503 ut
976 2472 1031 2504 est
1065 2459 1154 2505 ‘lioe
1189 2471 1250 2513 (ad
1276 2471 1360 2513 hoe)
1386 2471 1473 2504 tunc
1506 2470 1537 2503 i<
1519 2470 1713 2514 ·nipotens
1746 2469 1847 2503 eaelo
1881 2469 2072 2503 descendit

378 2515 586 2560 (discendit)
619 2517 664 2551 ’11)
692 2517 789 2551 alto’
824 2528 890 2561 pro
917 2517 987 2550 huc
1014 2517 1145 2561 (huic),
1179 2519 1215 2551 et
1246 2518 1282 2551 in
1314 2517 1479 2559 nomine,
1514 2518 1556 2550 ut
1590 2517 1810 2550 ‘memorem
1844 2516 1990 2550 Iunonis
2024 2517 2070 2550 ob

378 2562 489 2595 i1a1n'
524 2574 596 2597 non
624 2575 715 2607 quae
742 2563 927 2597 meminer·
923 2565 977 2605 (,ιῒ.
1010 2564 1074 2597 sed
1105 2575 1196 2607 quae
1224 2564 1260 2597 in
1286 2563 1464 2598 memoria
1473 2545 1578 2597 ’wat
1630 2562 2070 2597 1101οΜ10010010111305ῒ,

376 2609 480 2642 uerbi
512 2609 752 2663 significatio,
792 2622 873 2644 cum
906 2591 999 2643 nuiic
1036 2610 1085 2644 sit
1116 2623 1258 2645 nomen
1291 2611 1325 2644 1>
1353 2612 1364 2654 ΙΙ
1404 2615 1422 2645 7
1456 2610 1578 2654 diique
1610 2609 1778 2644 BGLJJ
1804 2611 1815 2654 ΙΙ
1853 2613 1872 2643 8
1908 2610 2071 2644 troianos

376 2693 479 2738 erasa
498 2705 510 2748 11
530 2696 627 2738 eirca
653 2704 843 2750 Troianos]
872 2705 915 2738 ab
941 2704 996 2737 his
1020 2705 1136 2738 ‘verbis
1163 2705 1292 2747 incipit
1322 2705 1359 2738 K
1380 2706 1392 2748 ΙΙ
1425 2709 1467 2738 14
1494 2704 1543 2738 510
1571 2716 1634 2739 om.
1663 2704 1697 2737 B
1735 2705 1777 2736 ut
1804 2703 1834 2738 C
1856 2704 1868 2747 ΙΙ
1897 2703 2006 2748 stola]
2034 2702 2070 2736 id

378 2753 433 2785 est
458 2762 592 2795 magna
618 2763 717 2794 supr.
738 2762 825 2785 vers.
846 2752 929 2785 add.
954 2750 1027 2794 0311
1050 2755 1089 2785 17
1117 2751 1323 2795 significata
1351 2753 1378 2785 C
1403 2751 1666 2794 (significantia
1688 2750 1744 2793 (3³)
1766 2751 1777 2794 ΙΙ
1799 2753 1840 2784 18
1868 2749 1978 2784 armis
2004 2761 2069 2793 pro

376 2798 519 2832 bellant
544 2798 578 2831 B
598 2799 610 2842 ΙΙ
637 2802 678 2832 19
705 2810 878 2832 aceruum
905 2808 972 2842 pro
1000 2798 1198 2841 populatur
1224 2798 1257 2831 R
1276 2800 1287 2842 ΙΙ
1315 2802 1358 2832 20
1385 2798 1587 2832 contrarias
1616 2798 1645 2831 C
1668 2798 1772 2841 (corr.
1802 2798 1858 2839 02)
1878 2798 1890 2840 ΙΙ
1909 2798 1946 2839 esc,
1971 2797 2069 2830 inue-

376 2845 475 2879 nitur
496 2844 539 2886 C,
565 2846 660 2879 unde
685 2846 741 2880 est
765 2845 855 2879 haee
881 2844 1040 2878 varietas
1067 2845 1125 2878 vel
1152 2844 1273 2888 potius
1300 2845 1558 2887 contrarietas,
1587 2845 1624 2878 et
1648 2843 1833 2878 invenitur
1857 2844 2059 2887 Bet-fivia&

378 2896 418 2925 21
442 2893 520 2925 tum
539 2891 698 2936 BKHn
712 2904 753 2936 ,Ρ
744 2893 820 2926 ater
846 2891 1055 2936 ignipotens
1079 2892 1155 2924 lx]
1175 2892 1248 2935 1122
1272 2891 1453 2926 discendit
1474 2892 1503 2926 G
1521 2893 1624 2934 (corr.
1648 2891 1692 2924 (”3
1695 2892 1735 2934 )ΙΙ
1756 2895 1799 2923 )4
1820 2890 1882 2924 sed
1903 2902 1990 2933 qula
2011 2890 2061 2923 G

379 2939 472 2983 erat]
506 2949 591 2973 nam
623 2939 678 2973 ira
709 2950 781 2973 11011
813 2919 983 2972 meminit
1007 2939 1088 2973 add.
1119 2938 1154 2971 J)
1180 2942 1210 2971 (ὃ
1238 2950 1278 2971 m.
1307 2950 1371 2973 rm
1400 2950 1438 2972 ιη
1467 2939 1509 2972 Μ
1538 2948 1677 2971 memor
1709 2937 1806 2971 enim
1839 2936 1973 2970 dieitur
2007 2937 2070 2980 qui

377 2984 573 3028 aliquando
606 2985 1072 3020 obliuiseitur.1nemoria
1107 2996 1250 3028 quoque
1283 2987 1339 3019 est
1351 2996 1458 3037 ‘quae
1484 2984 1560 3019 sine
1586 2983 1854 3018 intermissione
1882 2983 1917 3016 in
1944 2985 2066 3017 mente

377 3031 522 3065 tenetur
547 3033 629 3068 add
653 3032 697 3068 0³
722 3033 763 3067 in
788 3043 900 3077 marg).
927 3033 1081 3075 (memor
1101 3043 1133 3075 q.
1159 3043 1188 3066 e.
1210 3030 1273 3075 qui
1300 3044 1326 3066 5.
1350 3032 1370 3066 i.
1392 3032 1414 3066 i.
1442 3044 1487 3067 m
1514 3032 1617 3066 tenet
1641 3031 1866 3064 scribendam
1893 3041 1963 3064 esse
1990 3041 2068 3065 cen-

380 3081 429 3111 set
454 3078 645 3122 Βεν9]·ιιι5)

2190 1659 2204 1890 -n—-n-.-
2199 1600 2204 1649 ,—-.
2199 1578 2204 1589 ..
2196 1050 2204 1557 —----.--.—.—.—-——....-.--.
2202 1029 2204 1033 1
