2204 3437
388 167 474 210 580
1153 162 1311 197 SERVII

388 279 463 318 aut
495 277 608 317 certe
641 289 739 317 vero
774 274 956 327 nomine,
988 276 1035 314 ut
1067 273 1208 314 solent
1241 271 1452 312 dolentes:
1486 271 1533 310 ut
1565 268 1654 322 <IX
1679 268 1792 321 479>
1825 267 1953 308 hunc
1987 280 2082 321 ego

388 351 437 389 te
475 347 701 401 Euryale
743 344 961 400 aspicio,
999 344 1100 385 item
1140 346 1318 395 mater,
1358 340 1551 396 Cyrene
1591 341 1769 386 mater:
1806 338 1908 380 hinc
1946 341 1987 379 et
2023 337 2084 378 ibi

390 419 451 460 ait
484 420 531 459 et
562 421 610 459 te
643 416 898 458 crudelem
929 416 1132 457 nomine
1165 414 1310 455 dicit.
1373 415 1415 454 et
1447 411 1570 453 multi
1610 413 1839 465 quaerunt,
1872 409 2083 464 quomodo

390 489 592 544 procedat
623 489 715 542 hoc,
749 502 842 529 cum
876 487 966 528 eius
999 501 1154 529 nomen
1186 500 1397 540 nusquam
1431 485 1646 538 sequatur.
1697 481 1769 522 sed
1802 482 1986 522 tractum
2021 481 2086 520 est

343 568 363 599 5
392 576 417 603 a
447 561 549 614 iure,
580 560 655 602 ubi
688 560 843 601 dicitur
873 559 980 600 nihil
1015 559 1242 611 interesse,
1274 559 1419 598 utrum
1452 555 1545 610 quis
1584 568 1714 595 unum
1752 552 1890 593 filium
1921 551 2084 592 habens

391 632 505 674 dicat
537 631 631 685 τ611,
657 631 779 672 heres
807 629 931 683 esto’,
965 644 1018 671 an
1046 629 1166 682 ‘Titi‚
1191 628 1312 668 heres
1340 626 1467 668 esto'.
1519 639 1620 680 ergo
1647 623 1822 665 dicendo
1851 622 1952 663 ‘hoc
1977 621 2082 663 illud

392 717 595 758 germana
626 701 728 743 fuit’
763 701 884 756 quasi
917 715 1073 742 nomen
1104 699 1221 741 dixit.
1273 713 1373 739 sane
1401 697 1637 750 sciendum,
1663 696 1769 736 bene
1797 709 1891 735 eum
1919 695 2084 747 pertur-

391 775 518 816 batae
550 774 766 829 integrum
799 788 883 814 non
916 772 1081 813 dedisse
1114 785 1362 812 sermonem.

512 846 608 887 675.
658 862 732 887 Hoc
756 861 874 886 mmo
901 861 1082 886 amimam
1110 860 1203 884 er
1225 842 1426 883 adlocutio
1453 854 1526 894 per
1557 839 1886 892 conqzoestz'onem.

328 923 369 954 10
514 918 611 958 676.
662 928 753 958 Hoc
785 927 936 958 Roevs
969 926 1069 957 ISTE
1102 927 1206 955 MIHI
1242 913 1404 954 adludit
1436 912 1488 953 ad
1519 910 1759 952 historiam.

514 989 611 1030 677.
661 1000 773 1038 QVID
807 999 984 1028 PRIMVM
1022 997 1233 1028 DESERTA
1272 983 1483 1035 QVERAR‘?
1524 981 1790 1036 conquestio,
1829 994 1902 1021 cur
1939 979 2091 1020 relicta

397 1061 455 1102 sit
498 1075 575 1102 nec
617 1060 668 1101 ad
709 1074 786 1114 par
825 1058 1003 1100 exitium
1043 1059 1286 1099 convocata.
1408 1065 1681 1096 COMITEMNE
1721 1063 1935 1094 SOROREM
1974 1051 2092 1092 deest

397 1131 579 1174 ‘illudne
613 1131 724 1186 quod
767 1130 970 1186 sprevisti
1009 1128 1208 1171 comitem
1248 1125 1488 1169 sororem'?
1533 1128 1575 1166 et
1612 1123 1845 1178 semiplene
1889 1122 2093 1177 loquitur.

517 1204 613 1245 679.
665 1219 849 1246 TVLJSSET
875 1202 1110 1243 abstulisset.

330 1278 372 1309 15
518 1276 614 1318 680.
664 1293 808 1318 snm-xz
832 1290 1005 1316 MANIBVS
1034 1273 1153 1326 quasi
1183 1272 1340 1313 sceleris
1370 1269 1665 1322 contammata,
1696 1271 1734 1308 ct
1763 1266 1880 1320 quasi
1913 1267 2001 1319 ipsa
2034 1267 2095 1307 in-

400 1349 563 1390 teritum
593 1348 744 1389 sororis
775 1345 986 1388 adiuverit.
1131 1354 1299 1385 STRVXI
1331 1352 1534 1383 MANIBVS
1568 1339 1770 1381 subaudis
1803 1336 1987 1392 ‘rogos'.

400 1431 598 1462 PATRIOS
630 1430 750 1461 DEOS
784 1416 1016 1459 Saturnum
1049 1418 1091 1457 et
1122 1415 1342 1456 Iunonem.

521 1491 616 1533 681.
667 1501 829 1532 POSITA
866 1488 1126 1530 exanimata:
1190 1485 1353 1527 Statius
1399 1484 1704 1539 positusque
1742 1482 1894 1523 beata
1931 1482 2095 1521 morte

402 1566 559 1619 pater.
681 1577 869 1604 CRVDELIS
893 1559 1056 1612 *billum
1087 1558 1284 1600 crudelem
1315 1557 1422 1606 dicit,
1454 1555 1560 1608 quod
1582 1554 1637 1596 sit
1660 1553 1838 1607 dubium,
1870 1556 1912 1594 tu
1937 1566 1993 1594 an
2019 1566 2098 1606 eqo.

333 1634 377 1665 20
522 1634 618 1676 682.
669 1650 857 1675 ΕΧΤῙΝΧΤΙ
885 1649 931 1674 TE
956 1648 1088 1678 MEQVE
1114 1647 1230 1672 SOROR
1269 1628 1400 1670 Varro
1431 1628 1493 1668 ait
1527 1639 1609 1667 non
1640 1624 1861 1675 Didonem,
1902 1623 1973 1665 sed
2006 1623 2096 1665 An-

402 1721 502 1750 nam
533 1719 669 1747 amore
700 1705 860 1746 Aeneae
890 1703 1098 1756 inpulsam
1129 1716 1169 1743 sc
1198 1714 1325 1754 supra
1355 1712 1499 1753 royum
1530 1697 1788 1739 interemisse.
1908 1712 2099 1738 POPVLVM·

407 1796 484 1826 QVE
507 1796 553 1820 ΡΑ
561 1793 731 1823 TRESQVE
761 1791 966 1822 VRBEMQVE
992 1791 1100 1816 TVAM
1135 1771 1307 1826 ‘patres’
1347 1772 1393 1812 id
1430 1774 1488 1812 est
1522 1772 1729 1817 Scnahmm
1769 1766 1927 1809 ⁸urbem
1965 1764 2099 1808 tuam'

405 1864 527 1903 quam
560 1851 603 1889 tu
633 1846 861 1889 extruxisti.
923 1848 959 1886 et
989 1845 1157 1898 quidam
1182 1844 1253 1885 hoc
1285 1843 1365 1885 loco
1396 1842 1537 1883 volum*
1562 1844 1640 1881 tres
1656 1842 1798 1893 partes
1815 1838 1987 1892 politiae
2011 1851 2100 1879 con-

398 1920 630 1975 prehensas,
654 1918 812 1972 populi,
844 1917 1112 1970 optimatium,
1144 1915 1276 1968 rcyiae
1300 1913 1534 1967 potestatis:
1573 1910 1672 1954 Cato
1708 1911 1816 1952 cm'm
1853 1909 1916 1951 ait
1950 1910 1997 1951 de
2028 1909 2098 1950 ἑνὶ-

337 1990 380 2021 25
407 1993 480 2034 bus
512 1991 599 2033 istis
627 1989 813 2043 partibus
844 1988 1078 2030 ordinatam
1106 1987 1233 2039 fuisse
1265 1983 1565 2038 Carthayiuem.

527 2062 623 2104 683.
673 2078 776 2103 DATE
799 2076 972 2102 ervffls
1001 2059 1092 2100 date
1124 2057 1308 2111 lymphas
1337 2059 1384 2097 ut
1412 2055 1581 2096 vulnera
1611 2054 1787 2095 abluam.
1871 2063 1995 2094 DATE
2030 2052 2103 2093 aut

506 2207 525 2237 2
552 2202 686 2247 mater]
715 2212 837 2247 georg.
865 2200 914 2234 IV
941 2203 1007 2234 321
1034 2200 1046 2243 ΙΙ
1074 2203 1094 2233 3
1121 2201 1158 2233 et
1182 2198 1234 2243 te]
1260 2207 1385 2242 georg.
1413 2196 1463 2230 IV
1489 2199 1556 2230 356
1584 2196 1595 2239 ΙΙ
1625 2198 1667 2229 18
1695 2193 1849 2239 Statius]
1878 2193 1992 2228 Theb.
2018 2191 2105 2227 VIII

412 2255 477 2286 652
503 2252 516 2295 Η
544 2254 589 2284 24
617 2249 724 2295 Cato]
752 2248 842 2294 orig.
868 2248 928 2290 IV,
957 2252 976 2282 6
1003 2246 1096 2281 Iord.
1123 2249 1168 2280 80
1194 2245 1271 2280 Pet.

508 2385 527 2416 2
556 2381 593 2415 et
617 2378 685 2425 ibi]
712 2378 781 2413 tibi
808 2378 896 2413 NH
911 2379 923 2422 ΙΙ
952 2382 971 2412 6
998 2376 1066 2411 filii
1091 2376 1124 2409 L
1151 2375 1216 2418 (fili
1243 2376 1266 2418 l)
1286 2376 1298 2420 11
1323 2386 1401 2410 eres
1428 2374 1467 2408 F
1500 2374 1608 2408 hores
1635 2372 1704 2416 ΗΙΙ
1728 2372 1834 2406 hesto
1861 2371 1927 2415 Fu
1952 2381 1998 2405 an
2025 2399 2032 2406 .
2061 2398 2068 2405 .
2097 2398 2103 2405 .

414 2430 491 2464 esto
518 2439 583 2463 om.
601 2427 631 2462 G
647 2429 658 2471 ΙΙ
677 2427 745 2461 tite
771 2438 814 2461 em
840 2425 900 2460 titi
927 2425 959 2459 L
978 2425 990 2469 ss
1008 2425 1113 2459 beres
1134 2423 1179 2462 ,F
1194 2424 1206 2468 ΙΙ
1226 2427 1245 2457 9
1273 2423 1321 2457 ad
1345 2423 1417 2457 hoc
1441 2421 1464 2455 i.
1492 2433 1525 2465 g.
1552 2420 1577 2455 f.
1603 2431 1703 2464 supr.
1723 2430 1811 2454 vers.
1838 2417 2014 2454 allocutio
2039 2427 2106 2461 per

414 2474 714 2519 conquestionem
746 2474 778 2507 T
806 2475 818 2517 Η
851 2477 893 2507 10
920 2472 1091 2507 scholium
1116 2471 1164 2505 ad
1189 2482 1221 2506 v.
1248 2475 1314 2505 676
1341 2480 1406 2504 om.
1438 2469 1469 2503 T
1497 2470 1509 2513 ΙΙ
1548 2472 1587 2502 11
1617 2465 1844 2511 conquestio]
1873 2463 2107 2509 conqueritur

413 2523 452 2558 F
463 2522 492 2557 C
508 2524 520 2567 ΙΙ
549 2527 589 2556 12
616 2533 683 2556 nec
709 2532 773 2556 om.
802 2521 832 2555 Ο
848 2522 860 2564 ΙΙ
886 2519 1061 2565 sonorum]
1088 2531 1114 2552 s.
1142 2518 1226 2552 add.
1256 2517 1305 2551 M
1320 2518 1332 2561 ΙΙ
1362 2521 1404 2551 13
1431 2515 1610 2561 quuitur]
1639 2513 1737 2559 quod
1762 2513 1910 2548 afflictis
1937 2511 2108 2547 convenit

414 2571 496 2605 add.
526 2570 563 2604 D
594 2571 605 2613 ΙΙ
644 2573 687 2603 14
713 2569 761 2603 ad
786 2567 934 2603 tulisset
957 2568 998 2600 in
1022 2576 1134 2609 marg.
1162 2564 1378 2600 abstulisset
1406 2564 1438 2598 T
1466 2565 1478 2608 ΙΙ
1517 2566 1558 2597 15
1586 2563 1634 2597 ad
1665 2561 1781 2595 struxi
1811 2560 1981 2595 manibus
2005 2570 2104 2603 supr.

415 2629 502 2653 vers,
529 2617 634 2661 quasi
661 2645 668 2651 .
697 2644 703 2650 .
733 2645 738 2650 .
767 2614 951 2649 adiuuerit
979 2614 1010 2647 T
1033 2615 1044 2657 ΙΙ
1078 2617 1119 2647 16
1147 2612 1337 2646 adiuueret
1363 2611 1402 2645 F
1423 2613 1434 2655 ΙΙ
1465 2622 1615 2645 nxrnvxx
1641 2608 1720 2643 NL
1758 2622 1799 2642 ET
1827 2620 1950 2642 srnvx1
1975 2606 2019 2641 H
2032 2606 2044 2651 ΙΙ
2066 2609 2107 2640 18

415 2664 539 2700 flatius
555 2664 592 2698 F
608 2665 620 2708 ΙΙ
642 2668 683 2698 19
705 2664 753 2697 ad
779 2661 936 2697 crudelis
956 2672 1055 2703 supr.
1076 2670 1163 2695 vers,
1185 2659 1369 2694 crudelem
1397 2658 1488 2692 dicit
1511 2659 1553 2691 ut
1578 2656 1625 2691 sit
1651 2655 1802 2690 dubium
1828 2657 1869 2689 tu
1889 2666 1936 2688 an
1957 2664 2025 2698 ego
2049 2653 2081 2687 T
2099 2652 2107 2696 l?

414 2712 539 2757 illum]
565 2712 647 2753 fort.
670 2712 793 2745 utrum
813 2721 849 2744 se
870 2720 916 2743 an
937 2708 1040 2742 illam
1060 2707 1244 2741 crudelem
1267 2706 1379 2740 dicit?
1406 2706 1459 2740 vel
1484 2704 1588 2739 illam
1615 2703 1799 2737 crudelem
1826 2701 1917 2736 dicit
1941 2699 2108 2745 quamvis

417 2761 466 2794 sit
491 2757 643 2793 dubium
670 2769 696 2791 e.
718 2769 747 2802 q.
769 2768 795 2792 s.
823 2756 998 2791 sententia
1023 2755 1233 2789 scholiastae
1258 2754 1342 2788 haec
1367 2764 1437 2787 esse
1461 2752 1620 2793 videtur,
1648 2749 1833 2785 ‘crudelis’
1862 2752 1893 2783 et
1919 2749 1967 2783 ad
1991 2747 2106 2782 Dido-

416 2818 495 2841 nem
520 2809 551 2840 et
578 2807 625 2840 ad
651 2805 801 2839 Annam
821 2814 925 2848 posse
949 2802 1077 2845 referri
1095 2802 1107 2846 ΙΙ
1134 2800 1196 2846 sit]
1226 2812 1262 2835 se
1289 2801 1328 2834 F
1344 2802 1355 2844 ΙΙ
1381 2804 1424 2835 20
1452 2811 1667 2833 sxrmcnsrt
1693 2811 1739 2831 m:
1765 2809 1875 2836 movi:
1902 2795 1940 2829 F
1955 2796 1967 2839 ΙΙ
1992 2794 2108 2829 Varro

420 2882 426 2888 .
454 2883 461 2889 .
490 2882 498 2889 .
525 2852 788 2897 Carthaginem
820 2862 919 2895 supr.
946 2860 1033 2884 vers.
1060 2852 1091 2883 et
1116 2849 1157 2882 in
1182 2860 1293 2892 mary.
1321 2848 1401 2883 hab.
1433 2847 1465 2880 T
1497 2847 1508 2891 ΙΙ
1544 2845 1661 2880 Varro
1695 2844 1749 2879 ait
1775 2873 1780 2879 .
1809 2871 1815 2878 .
1844 2872 1850 2878 .
1878 2842 2108 2876 interemisse

418 2901 497 2935 hab.
525 2900 689 2935 Ambros.
717 2901 729 2943 ΙΙ
760 2904 800 2933 21
832 2909 939 2942 super
966 2897 1004 2931 F
1024 2897 1037 2940 ss
1067 2895 1291 2930 interimisse
1319 2894 1358 2929 F
1378 2896 1390 2939 ΙΙ
1421 2898 1464 2928 22
1492 2894 1673 2928 sematum
1701 2891 1740 2926 F
1764 2893 1777 2935 ΙΙ
1807 2895 1851 2925 23
1877 2891 1918 2924 tu
1944 2901 2009 2923 om.
2037 2888 2077 2922 F
2107 2887 2110 2930 ξ

418 2947 486 2982 tris
506 2947 545 2982 F
560 2948 573 2990 ΙΙ
592 2946 762 2992 politiae]
788 2946 824 2980 id
851 2946 907 2979 est
931 2942 1261 2979 administrationis
1281 2942 1333 2976 rei
1354 2941 1523 2986 publicae
1545 2940 1626 2975 add.
1647 2939 1679 2973 T
1692 2942 1704 2983 ΙΙ
1723 2942 1767 2973 24
1788 2937 2021 2972 obtimatium
2043 2935 2082 2969 F
2106 2936 2109 2977 J

470 3008 507 3034 ,h

421 3044 515 3077 cato.
543 3041 638 3076 enim
667 3040 705 3075 F
738 3041 750 3085 ΙΙ
787 3039 877 3075 Cato
903 3039 956 3073 ait
981 3038 1025 3072 de
1051 3036 1189 3082 populo
1222 3036 1463 3080 optimatibus
1495 3035 1532 3069 et
1563 3033 1666 3078 regia
1690 3032 1878 3077 potestate
1904 3029 2110 3064 ordinatam

420 3089 533 3124 fuisse
547 3087 809 3133 Carthaginem
829 3088 908 3121 hab.
924 3086 1086 3120 Ambros.
1106 3086 1118 3128 ΙΙ
1137 3087 1181 3118 26
1197 3096 1286 3117 nni:
1302 3096 1450 3117 mmmm
1465 3082 1550 3116 date
1565 3080 1724 3125 limphas
1738 3080 1779 3113 ut
1791 3078 1944 3113 uulnera
1963 3076 2111 3111 abluam

421 3136 491 3170 hoc
517 3136 575 3169 eet
601 3135 686 3169 date
713 3145 848 3179 aquam
874 3135 940 3168 aut
964 3133 1049 3167 date
1075 3142 1101 3166 e.
1129 3142 1160 3175 q.
1186 3141 1213 3165 s.
1242 3129 1281 3165 F
