2204 3437
310 918 352 949 10

312 1272 354 1303 15

377 164 430 205 70
1144 161 1304 196 SERVII

377 274 665 325 acceperat,
697 270 802 312 item
834 273 883 311 et
916 270 958 311 si
990 270 1152 311 fortes
1189 269 1401 310 fueritis
1440 269 1489 309 in
1529 283 1602 323 eo,
1641 283 1786 323 quem
1823 284 1967 310 nemo
2006 270 2074 310 sit

379 356 528 383 ausus
562 341 844 382 defendere.
907 343 981 382 aut
1019 339 1203 394 ‘rapuit'
1242 339 1399 393 raptim
1437 339 1540 380 fecit
1575 339 1794 381 flammam
1831 340 1876 381 in
1913 340 2074 394 fomite,

377 413 419 453 id
460 415 524 453 est
562 412 767 453 celeriter.
843 414 880 452 et
921 412 1022 452 mire
1066 410 1259 464 ‘rama-iffi,
1297 424 1396 463 opus
1436 413 1493 451 est
1528 411 1636 451 enim
1673 410 1869 451 eeleritate
1906 411 1962 452 ad
1997 411 2076 452 tale

376 483 659 524 ministerium.
732 495 830 523 seme
870 482 1030 533 fomites
1078 485 1174 523 sunt
1215 482 1378 523 assulae
1426 495 1529 533 (suae
1571 481 1621 522 ab
1671 481 1883 523 arboribus
1926 482 2077 523 eadunt

377 554 537 607 quando
567 553 822 603 ν’)ισίᾶἰιηίῑιν,
851 554 959 605 quod
984 553 1148 605 foveant
1183 554 1326 606 igynem.
1390 550 1557 594 Clodius
1588 551 1733 593 Scriba
1770 554 2074 594 commentario-

377 638 469 665 rum
507 623 626 664 IIII.
663 624 881 675 fomenta
920 624 1076 665 taleae
1113 624 1302 665 excisae
1339 637 1392 664 ex·
1429 623 1705 674 arboribus,
1744 624 1838 664 item
1874 624 1957 665 alio
1995 624 2076 665 loco

377 695 569 737 astulae
599 694 867 748 ambustae,
899 695 1038 748 liqna
1069 698 1243 736 cavata
1274 708 1301 735 (ι
1329 694 1501 748 ΐτιπῃὶε
1531 695 1725 736 nomine
1755 698 1960 748 eaecepto.

500 765 592 806 177.
645 784 823 808 CEREREM
868 766 1113 818 metonfflm'a
1152 780 1231 819 pro
1270 767 1485 817 frumento.
1617 777 1896 807 CORRVPTAM
1938 778 2076 807 VNDIS

379 852 489 891 aqua
528 837 777 878 emollitam.
899 848 1222 886 CEREALIAQVE
1262 848 1389 877 ARMA
1428 836 1598 890 fugiens
1635 835 1741 876 vilia
1780 836 1831 876 ad
1873 837 2078 891 generali-

379 911 512 949 tatem
556 907 730 949 transiit
780 910 954 961 propter
1005 908 1208 948 carminis
1258 907 1515 961 dignitatem
1566 909 1608 947 et
1651 921 1741 948 rem
1786 906 1915 948 vilem
1959 908 2079 950 auxit

377 979 604 1020 honestate
638 977 865 1031 sermonis,
896 979 945 1018 ut
977 977 1100 1031 alibi,
1137 993 1189 1019 ne
1228 978 1443 1019 lucerram
1482 978 1659 1031 diceret,
1697 977 1758 1019 ait
1795 981 1934 1020 testa
1973 994 2077 1020 cum

379 1050 590 1091 ardente
633 1049 867 1090 viderent
909 1048 1204 1089 scintillare
1247 1049 1422 1090 oleum.
1491 1051 1533 1089 et
1574 1049 1791 1090 sciendum
1833 1052 1899 1091 est
1940 1050 2078 1091 iudice

380 1121 593 1174 euphonia
631 1120 714 1160 dici
753 1118 986 1161 ‘Cerealia’
1028 1120 1095 1160 vel
1134 1117 1382 1172 ‘Cerialia’7
1428 1118 1676 1173 ‘Typhoea’
1716 1121 1782 1161 vel
1824 1120 2080 1175 ‘Typhoia'7

380 1190 716 1233 ‘Caesareanus’
756 1190 823 1231 vel
862 1187 1203 1231 ‘Caesarianus’.
1265 1190 1310 1230 in
1349 1190 1415 1231 his
1455 1203 1556 1244 ergo
1590 1190 1765 1232 licentia
1803 1191 2080 1234 derivationis

383 1264 457 1304 est.
585 1278 854 1308 (JEREALIAQVE
880 1262 1002 1312 Aram]
1043 1261 1065 1284 Ψ·
1087 1260 1247 1301 ‘arum’
1292 1261 1399 1301 enim
1438 1262 1681 1314 yewercditer
1717 1264 1900 1303 omnium
1943 1276 2081 1304 rerum

380 1334 652 1374 instrmnenta
683 1333 891 1383 dicuntur,
928 1332 996 1372 ubet
1026 1335 1277 1384 reponmztw·
1315 1334 1503 1373 armaria
1540 1333 1648 1374 diota·
1681 1332 1824 1374 sums*
1887 1333 2082 1386 Niyidius

380 1405 427 1445 cle
457 1403 668 1444 hommum
698 1402 960 1444 naturalibus
992 1401 1113 1442 IIII.
1146 1404 1302 1444 omnis
1340 1404 1466 1444 enim
1504 1418 1588 1445 (crs
1625 1404 1834 1445 materia
1865 1404 2081 1454 inventa,

381 1475 514 1516 circa
544 1488 688 1526 quam
727 1476 966 1525 versetur,
1003 1473 1313 1525 ferramenta
1352 1488 1468 1515 ‘vasa
1505 1475 1884 1516 instrumcutum
1921 1489 2082 1516 arma-

383 1548 635 1598 mentaque
676 1545 892 1597 primum
941 1547 1207 1596 comparat,
1249 1558 1339 1596 per
1387 1559 1506 1597 quae
1555 1559 1699 1597 opera
1748 1560 1836 1587 sua
1884 1546 2084 1598 efficere

312 1626 357 1657 ‘20
379 1617 548 1669 possit.

505 1687 601 1727 178.
645 1696 771 1728 FESSI
810 1697 967 1725 RERVM
1005 1684 1087 1726 hoc
1126 1687 1191 1726 est
1228 1686 1408 1739 penuria
1447 1686 1637 1741 fatigati,
1681 1688 1726 1728 aa
1764 1691 1821 1729 est
1857 1689 2084 1739 esurientes,

480 1795 497 1824 1
527 1792 564 1824 et
589 1790 620 1824 si
644 1790 776 1835 fortes]
811 1789 882 1823 Cic.
909 1788 948 1823 in
974 1789 1077 1823 Verr.
1105 1791 1175 1824 act.
1203 1800 1273 1824 sec.
1302 1790 1316 1823 Ι
1345 1794 1374 1833 1,
1402 1795 1422 1825 3
1454 1792 1465 1834 ΙΙ
1498 1795 1518 1825 4
1552 1803 1639 1826 sane
1665 1792 1812 1827 fomites
1846 1803 1875 1828 e.
1903 1804 1936 1837 q.
1965 1793 2009 1838 s.]
2038 1793 2085 1828 cf.

386 1838 469 1872 Isid.
498 1849 548 1873 or.
577 1837 679 1872 XVII
705 1842 742 1879 6,
769 1841 812 1871 26
841 1837 878 1870 et
906 1840 958 1879 10,
988 1841 1029 1871 18
1061 1838 1072 1880 Η
1105 1840 1147 1870 11
1179 1837 1292 1882 testa]
1326 1848 1450 1882 georg.
1477 1838 1492 1871 l
1525 1842 1591 1873 391
1624 1840 1636 1883 ΙΙ
1668 1842 1710 1873 15
1738 1851 1841 1874 arma
1873 1868 1879 1875 .
1910 1869 1915 1873 .
1944 1868 1950 1875 .
1985 1839 2086 1875 dicta

387 1885 486 1930 sunt]
514 1884 599 1920 Isid.
626 1895 677 1919 or.
703 1883 824 1918 XVIH
851 1887 883 1926 5,
912 1888 928 1917 1
1963 1891 1968 1897 ·

485 1983 502 2013 1
531 1978 750 2023 accoeperat
781 1977 830 2011 M
859 1978 870 2021 Η
900 1976 990 2011 item
1017 2005 1024 2011 .
1053 2005 1059 2012 .
1088 2006 1094 2012 .
1123 1977 1319 2012 defendere
1351 1989 1415 2013 om.
1443 1979 1478 2012 B
1510 1980 1521 2023 ΙΙ
1552 1979 1735 2026 fussgs‘eritis
1770 1981 1799 2015 O
1826 1983 1837 2025 ΙΙ
1869 1992 1977 2025 quem
2006 2009 2012 2015 .
2041 2011 2047 2017 .
2077 2012 2082 2017 .

389 2026 583 2061 defendere
610 2036 675 2060 om.
702 2024 780 2058 KG
803 2023 991 2068 (quoniam
1017 2035 1124 2059 nemo
1152 2024 1200 2059 sit
1224 2036 1334 2059 ausus
1359 2025 1554 2061 defendere
1581 2028 1663 2062 add.
1693 2027 1750 2071 0³)
1779 2029 1790 2072 ΙΙ
1820 2034 1839 2062 5
1865 2028 2087 2064 inceduntur

392 2074 427 2107 P
443 2075 455 2118 ΙΙ
475 2078 494 2108 6
522 2073 686 2107 fomenta
706 2072 762 2106 lee
789 2071 928 2105 excisse
955 2082 998 2105 ex
1024 2071 1215 2106 arboribus
1239 2072 1274 2105 P
1298 2083 1335 2106 se
1363 2083 1406 2106 ex
1432 2073 1622 2108 arboribus
1648 2074 1813 2109 fomenta
1839 2074 1924 2109 exc]e
1949 2076 2087 2111 Daniel

390 2132 428 2155 se
461 2131 505 2154 ex
538 2119 729 2154 arboribus
761 2118 926 2153 fomenta
958 2118 1135 2153 excidisse
1163 2119 1369 2153 Masciez'us
1399 2121 1410 2163 ΙΙ
1442 2120 1557 2154 aliubi
1592 2122 1626 2154 P
1655 2123 1666 2164 Η
1699 2126 1716 2156 7
1751 2122 1892 2157 astulae
1921 2151 1927 2157 .
1955 2152 1961 2158 .
1993 2151 1999 2157 .
2027 2134 2082 2157 ex‘

391 2167 514 2213 cepto]
540 2168 692 2209 sortasse
716 2166 920 2200 scholiastes
945 2176 988 2199 ea:
1015 2165 1136 2200 Clodia?
1161 2168 1424 2201 comvwntm·i2's
1448 2168 1533 2201 haec
1558 2169 1776 2212 deprompsit
1801 2169 1917 2204 fomes
1943 2170 2085 2205 astulae

391 2215 583 2249 ambustae
610 2215 674 2248 aut
698 2212 802 2258 ligna
826 2210 986 2256 unvani,
1013 2224 1053 2247 ecc
1080 2216 1197 2247 autem
1222 2225 1313 2257 qnae
1344 2218 1514 2249 secuntur
1547 2226 1568 2248 a
1598 2216 1720 2260 fungis
1751 2216 1899 2251 nomine
1934 2219 2086 2262 excepto

391 2273 433 2296 eac
460 2262 606 2295 Isidoro
633 2262 764 2295 adsuta
788 2263 874 2294 sunt
902 2261 914 2303 ΙΙ
945 2259 1069 2304 lignae
1102 2261 1235 2294 cauata
1264 2261 1307 2304 P⁷
1334 2262 1417 2296 inde
1442 2262 1546 2306 ligna
1579 2265 1757 2298 excauata
1782 2263 1920 2298 Daniel
1949 2265 1960 2308 ΙΙ
1991 2268 2011 2298 8
2038 2265 2087 2299 ad

390 2320 420 2343 v.
445 2313 510 2342 177
532 2307 717 2352 Cererem]
738 2306 965 2351 metonymia
985 2318 1051 2351 pro
1071 2307 1266 2342 frumento.
1297 2308 1515 2353 Corruptam
1534 2309 1658 2355 undis]
1680 2310 1874 2345 mollitam.
1908 2310 2087 2346 Cerealia-

392 2366 461 2399 que
487 2355 606 2399 arma]
634 2355 779 2400 fugiens
805 2353 896 2388 uilia
923 2354 969 2388 ad
994 2354 1277 2398 generalitatem
1303 2356 1465 2399 transiit,
1493 2367 1587 2399 quae
1619 2357 1665 2391 ad
1693 2358 1817 2392 omnia
1841 2358 2085 2393 instrumenta

392 2402 572 2447 pertinet,
599 2402 636 2436 id
663 2403 717 2436 est
742 2412 853 2436 arma.
883 2402 918 2434 P
947 2402 958 2445 ΙΙ
989 2402 1241 2445 metonomina
1267 2402 1297 2437 (J
1321 2404 1333 2445 ΙΙ
1365 2407 1384 2437 9
1410 2403 1448 2436 id
1474 2405 1530 2438 est
1556 2414 1651 2447 aqua
1677 2405 1711 2438 B
1722 2405 1770 2438 M
1786 2406 1798 2448 ΙΙ
1818 2416 1876 2448 aq3
1903 2405 2088 2441 mollitam

400 2451 434 2483 Ι(
471 2449 752 2493 aquemollitam
778 2448 810 2481 L
849 2451 958 2491 (aqua
991 2448 1195 2484 emollitam
1229 2451 1254 2492 I)
1285 2451 1296 2493 ΙΙ
1330 2453 1372 2483 10
1403 2450 1536 2484 transit
1566 2451 1611 2484 H
1636 2453 1647 2495 ΙΙ
1677 2452 1825 2486 transiit
1856 2463 1959 2487 arma
1991 2452 2087 2487 enim

394 2496 616 2541 generaliter
643 2496 805 2531 omnium
832 2506 953 2529 rerum
979 2495 1223 2532 instrumenta
1249 2496 1420 2531 dicuntur
1445 2498 1508 2531 ubi
1539 2499 1765 2542 reponuntur
1797 2500 1954 2534 armaria
1988 2500 2089 2534 dicta

393 2544 486 2577 sunt.
527 2554 613 2587 ergo
640 2543 700 2577 hic
726 2543 876 2587 propter
902 2542 1072 2577 carminis
1099 2543 1315 2588 dignitatem
1337 2543 1523 2589 refugiens
1550 2544 1641 2579 uilia
1667 2556 1742 2579 rem
1768 2545 1881 2580 uilem
1908 2546 2011 2580 auxit
2032 2546 2062 2581 Ο
2077 2546 2089 2591 Η

397 2595 437 2624 11
465 2591 599 2624 testam
627 2600 708 2624 cum
736 2589 926 2623 ardentem
952 2589 1041 2623 BH
1068 2591 1201 2625 testam
1229 2591 1417 2626 ardentem
1444 2592 1476 2624 L
1509 2593 1619 2635 (testa
1645 2603 1727 2626 cum
1755 2592 1906 2627 ardente
1932 2594 1959 2637 l)
1990 2595 2088 2628 testa

395 2649 478 2672 cum
516 2636 706 2671 ardentem
745 2637 794 2670 M
822 2638 833 2680 Η
867 2640 907 2671 12
941 2636 1142 2671 scintillare
1176 2638 1296 2673 oleum
1335 2649 1400 2672 om.
1434 2639 1511 2672 KG
1541 2640 1639 2682 (add.
1676 2638 1732 2679 0³)
1765 2641 1776 2682 Η
1811 2644 1851 2674 13
1885 2640 2086 2685 euphonia]

397 2683 612 2718 eufoniados
638 2694 811 2727 super-ser.
842 2683 886 2717 (1³
916 2684 927 2727 ΙΙ
959 2683 1031 2717 diei
1057 2683 1155 2717 RK:
1182 2685 1302 2720 dicere
1330 2685 1502 2719 (JLHM
1529 2686 1541 2729 ΙΙ
1576 2690 1628 2720 15.
1655 2687 1720 2721 est.
1754 2686 1925 2731 Nigidius
1953 2687 1996 2721 de
2022 2688 2088 2722 ho-

395 2731 534 2765 minum
560 2730 792 2765 naturalibus
819 2730 885 2764 1111
912 2730 1030 2765 omnis
1056 2731 1153 2765 enim
1180 2761 1186 2766 .
1211 2760 1216 2766 .
1239 2762 1244 2767 .
1273 2732 1391 2775 possit
1416 2732 1447 2767 C'
1473 2733 1485 2776 ΙΙ
1518 2736 1560 2767 18
1596 2734 1897 2777 armamentaque
1923 2734 2088 2769 thebne-

396 2789 460 2812 rus
488 2778 618 2811 chmz'z'
643 2778 768 2813 annal.
798 2777 845 2811 XI
873 2789 911 2821 μ
943 2782 1048 2811 1220:
1088 2780 1315 2813 armamenta
1343 2791 1436 2822 qnae
1465 2779 1495 2814 (7
1529 2781 1793 2824 armamentaq.
1821 2780 1843 2815 f.
1871 2793 1903 2825 q.
1930 2781 2089 2826 primum

398 2825 590 2869 Scioppius
630 2835 647 2859 e
682 2824 864 2859 Fnldensi
909 2825 1083 2866 enotavit,
1127 2827 1220 2860 uncle
1260 2828 1490 2861 armamenta
1530 2838 1623 2870 quae
1663 2826 1768 2862 faber
1817 2827 2088 2872 quamprimum

397 2873 545 2907 coniecit
575 2872 824 2906 Burmcmmas.
883 2873 1039 2915 equidem
1072 2872 1095 2906 f.
1122 2884 1156 2916 q.
1189 2874 1388 2917 typothetae
1419 2884 1536 2908 errore
1564 2885 1632 2918 pro
1666 2875 1688 2908 s.
1719 2886 1753 2918 q3
1780 2876 1904 2918 posita
1935 2886 2005 2910 esse
2029 2886 2088 2910 su-

397 2920 532 2962 spicor,
567 2921 587 2953 s.
624 2930 658 2962 q3
692 2922 810 2953 autem
840 2919 1048 2963 siqniftcme
1081 2919 1156 2953 sive
1191 2931 1277 2963 que:
1315 2924 1355 2953 ut
1386 2921 1572 2955 Duebneri
1609 2922 1814 2956 coniectura
1853 2934 1876 2956 a
1918 2922 2088 2966 Scioppio

398 2967 451 2999 vel
477 2966 631 3000 Daniele
657 2969 833 3010 occupata
858 2967 1034 3000 videatur.
1067 2967 1078 3009 ΙΙ
1106 2970 1149 3000 21
1176 2967 1224 3000 ad
1249 2978 1278 3000 r.
1309 2970 1374 3001 178
1401 2967 1625 3012 Expediunt]
1653 2967 1833 3003 adhibent
1858 2968 1918 3003 uel
1944 2971 2087 3013 parant.

398 3012 499 3046 Fessi
524 3013 661 3059 rerum]
687 3013 758 3048 hoc
784 3014 839 3047 est
863 3012 1016 3057 penuria
1035 3012 1183 3058 fatigati
1203 3013 1264 3047 ahi
1283 3014 1651 3058 tempestatibusque.
1689 3015 1845 3060 Fruges]
1867 3015 2088 3059 generaliter

400 3070 526 3092 omnes
557 3059 680 3104 fruges
713 3059 896 3094 dicuntur.
947 3060 1095 3105 frugum
1125 3061 1249 3100 autem
1276 3072 1408 3095 nomen
1442 3062 1604 3095 tractum
1636 3062 1692 3095 est
1722 3073 1744 3096 a
1768 3062 1943 3106 frumine,
1969 3062 2007 3096 id
2033 3063 2090 3097 est

400 3105 581 3139 eminente
607 3106 765 3149 gutturis
785 3108 900 3151 parte.
952 3107 1150 3152 Receptas]
1176 3107 1351 3141 liberatas
1377 3107 1421 3142 de
1447 3107 1621 3152 periculo.
1655 3108 1688 3141 P
1713 3110 1724 3152 ΙΙ
1755 3108 1934 3152 poenuria
1960 3109 2045 3143 LH
