2204 3437
340 545 359 575 5

318 898 359 926 10

318 1249 358 1278 15

390 149 444 189 12
1157 149 1315 184 SERVII

389 257 477 297 beri
516 272 648 311 usque
687 257 737 298 ad
776 256 964 311 Fundos,
1009 258 1123 298 aliud
1161 258 1258 299 inde
1297 272 1430 312 usque
1470 258 1522 299 ad
1561 257 1834 299 Vulturnum.
1901 258 2081 313 denique

387 327 478 380 ipse
509 327 617 368 dixit
650 330 947 381 veteresque
979 327 1150 369 Latini
1189 328 1284 370 ideo
1325 329 1424 383 quia
1457 328 1539 369 scit
1571 342 1662 369 esse
1695 328 1825 370 etiam
1856 343 2007 383 novos,
2039 330 2081 371 id

390 399 454 438 est
486 413 510 438 a
542 397 700 438 Fundis
734 412 866 452 usque
899 398 950 439 ad
978 397 1251 440 Vulturnum.
1300 399 1472 440 Latium
1499 400 1643 440 autem
1668 398 1828 440 dictum
1855 401 1938 454 est,
1970 400 2082 454 quod

388 467 476 507 illic
501 466 705 509 Saturnus
739 469 923 509 latuerit.
961 468 1155 521 Saufeius
1174 470 1345 511 Latium
1375 471 1528 511 dietum
1559 470 1635 522 aii,
1667 470 1773 522 quod
1796 469 1853 511 ibi
1879 470 2084 511 latuerant

389 537 555 590 incolae,
593 539 664 590 qui
709 539 903 590 quoniam
943 540 988 580 iu
1031 540 1140 581 eavis
1179 540 1378 581 moutimu
1416 540 1477 580 vel
1516 536 1677 580 occultis
1716 543 1894 581 caventes
1935 540 2015 581 sibi
2054 554 2082 581 a

383 607 484 658 feris
520 608 644 649 beluis
680 608 740 649 vel
776 622 803 649 a
834 609 1123 651 valentioribus
1158 610 1216 651 vel
1252 624 1279 650 a
1312 609 1606 662 tempestatibus
1642 609 1914 651 habitaverint
1943 609 2081 652 Cascei

385 678 513 718 vocati
551 681 662 731 suut,
699 692 796 730 Quos
831 680 987 731 posteri
1023 680 1268 733 Aborigines
1306 680 1661 734 coynomiuaruut,
1699 681 1894 733 quoniam
1925 681 1952 732 †
1983 681 2081 722 aliis

386 750 491 788 ortos
516 761 596 789 esse
620 748 953 800 reeoyuoseebant.
997 763 1044 790 ex
1062 750 1207 802 quibus
1225 750 1398 791 Latinos
1423 750 1545 790 eiiam
1570 750 1705 791 dictos.
1825 755 2099 791 INFERRET?

387 829 477 866 QVE
517 830 634 860 meos
674 830 816 860 LATIO
862 819 943 861 hoc
982 822 1047 860 est
1083 820 1127 860 in
1161 819 1343 861 Latium.
1413 822 1454 860 et
1493 822 1558 861 est
1596 820 1733 874 figura
1771 821 1932 862 usitata
1969 821 2080 875 apud

384 887 636 942 Vergilium.
699 890 811 943 quod
843 890 957 930 enim
988 905 1064 944 per
1097 890 1385 931 accusativum
1419 904 1514 930 culn
1546 890 1866 944 praepositione
1898 891 2079 932 dicimus

384 958 458 999 ille
496 973 570 1012 per
602 959 793 1000 dativum
834 961 956 1013 ponit
997 961 1087 1001 sine
1127 961 1465 1015 praepositione,
1507 960 1616 1001 sicut
1657 961 1762 1002 alibi
1803 961 1845 1002 it
1886 961 2080 1003 clamor

387 1029 529 1070 caelo
574 1045 650 1083 pro
695 1031 738 1071 in
782 1030 959 1071 caelum.
1091 1030 1223 1072 ‘deos’
1267 1045 1357 1072 vero
1400 1035 1540 1072 utrum
1580 1035 1768 1084 penates,
1811 1035 1857 1073 ut
1899 1032 2081 1074 talibus

385 1100 627 1141 attonitus
678 1101 796 1141 visis
835 1105 877 1141 et
920 1115 1025 1142 voce
1065 1103 1276 1155 deorum,
1316 1116 1372 1142 au
1411 1116 1452 1142 se
1491 1105 1527 1141 et
1565 1101 1794 1143 Ascanium
1834 1106 1871 1143 et
1901 1105 2081 1155 posteros

384 1183 498 1224 suos,
527 1171 575 1211 de
604 1172 748 1223 quibus
779 1172 929 1212 (lictum
961 1176 1018 1213 est
1047 1174 1122 1214 slis
1148 1174 1309 1225 syenite
1339 1176 1383 1213 et
1413 1174 1637 1226 ²(Jenviiure
1667 1174 1808 1215 deos?
1930 1184 2079 1216 GENVS

386 1252 512 1280 VNDE
556 1253 764 1282 LATINVM
813 1242 850 1282 si
898 1242 982 1283 iam
1027 1242 1199 1284 fuerunt
1238 1243 1381 1284 Latini
1423 1246 1465 1283 et
1506 1243 1591 1283 iam
1633 1243 1804 1285 Latium
1846 1244 2079 1297 dicebatur,

385 1311 646 1351 contrarium
679 1314 744 1352 est
777 1313 887 1366 quod
913 1313 1015 1353 dicit
1042 1313 1094 1353 ab
1122 1313 1268 1354 Aenea
1293 1313 1471 1354 Latinos
1499 1313 1709 1367 originem
1736 1313 1898 1355 ducere.
1942 1314 2081 1367 prima

386 1382 450 1420 est
483 1381 664 1422 iucunda
696 1382 932 1435 absolutio,
973 1385 1020 1424 ut
1052 1382 1204 1424 ‘unde'
1237 1397 1324 1424 non
1356 1383 1517 1424 referas
1551 1383 1604 1424 ad
1635 1398 1881 1437 personam,
1922 1384 1995 1425 sed
2028 1384 2080 1424 ad

385 1451 544 1505 locum,
575 1466 759 1506 namque
793 1452 943 1494 ‘unde'
977 1453 1225 1495 adverbium
1259 1456 1324 1495 est
1356 1454 1406 1494 de
1438 1454 1550 1508 loco,
1581 1468 1668 1495 non
1693 1454 1744 1496 de
1770 1455 1898 1496 ductu
1931 1469 1955 1495 a
1987 1469 2078 1508 per-

385 1536 501 1564 sona.
562 1525 706 1563 tamen
739 1521 847 1564 Cato
881 1523 924 1564 in
957 1523 1197 1577 originibus
1229 1523 1311 1565 hoe
1344 1524 1462 1577 dicit,
1503 1524 1621 1566 cuius
1654 1525 1957 1567 auctoritatem
1990 1523 2081 1566 Sal-

314 1602 321 1614 2
383 1592 537 1633 lustius
590 1593 782 1647 sequitur
832 1593 874 1634 in
925 1594 1039 1634 bello
1090 1592 1323 1647 Catilinae,
1374 1594 1538 1648 primo
1589 1595 2082 1652 11501101111301101330

384 1663 626 1716 quosdam
665 1664 750 1717 qui
799 1663 1202 1717 appellabantur
1242 1663 1575 1718 Aborigines.
1645 1665 1736 1706 hos
1777 1667 1956 1719 postea
1999 1666 2079 1706 ad-

383 1735 536 1774 ventu
563 1733 764 1775 Aeneae
789 1733 1082 1788 Phrygibus
1116 1733 1320 1775 iunctos
1354 1733 1568 1775 Latinos
1600 1750 1697 1776 uno
1729 1736 1925 1777 nomine
1957 1751 2080 1777 nun-

384 1806 610 1857 cupatos.
661 1818 762 1859 ergo
790 1804 1049 1845 descendunt
1074 1804 1218 1845 Latini
1245 1819 1332 1846 non
1357 1807 1525 1845 tantum
1553 1821 1578 1846 a
1604 1805 1819 1860 Troianis,
1846 1807 1919 1847 sed
1951 1807 2080 1847 etiam

479 1995 498 2023 2
525 1991 738 2033 veteresque
765 1988 901 2032 Latini]
937 1990 1102 2023 Servium
1137 1990 1315 2024 memoria
1346 1990 1486 2026 fefellit.
1540 1991 1583 2026 cf.
1610 1992 1652 2026 A.
1679 1992 1711 2025 V
1732 1995 1811 2027 598.
1838 1992 2004 2027 V11795.
2031 1992 2081 2027 XI

385 2040 452 2070 603
478 2037 489 2079 ΙΙ
519 2041 555 2069 11
585 2036 630 2082 it]
658 2037 699 2071 A.
727 2036 759 2070 V
785 2040 849 2070 451
878 2036 889 2079 ΙΙ
921 2041 961 2070 12
988 2036 1140 2082 talibus]
1167 2037 1209 2071 A.
1237 2038 1287 2071 III
1317 2041 1380 2072 172
1407 2038 1418 2081 ΙΙ
1452 2042 1494 2072 14
1521 2038 1593 2083 dis]
1620 2039 1662 2074 A.
1690 2040 1738 2073 IX
1766 2043 1832 2074 639
1857 2039 1870 2083 ΙΙ
1904 2043 1945 2073 19
1973 2039 2078 2084 Cato]

385 2083 475 2127 orig.
502 2083 564 2117 rel.
593 2084 608 2116 l
634 2088 654 2117 5
681 2084 719 2118 et
743 2094 801 2126 ap.
830 2083 923 2117 [ord.
952 2085 989 2118 et
1015 2095 1073 2127 ap.
1100 2084 1176 2118 Pet.
1197 2085 1209 2128 ΙΙ
1230 2084 1440 2130 Sallustius]
1469 2085 1546 2120 Cat.
1574 2090 1606 2127 6,
1635 2090 1651 2119 1
1669 2098 1721 2129 sq.

386 2188 538 2222 Latinos
565 2200 635 2222 uno
662 2188 809 2223 nomine
843 2190 1084 2232 nuncupatos.
1134 2201 1219 2224 nam
1245 2189 1306 2233 (nii.
1332 2190 1409 2233 eni)
1442 2189 1531 2224 uicti
1567 2190 1750 2225 uictorum
1777 2220 1782 2226 .
1813 2220 1819 2227 .
1847 2220 1854 2227 .
1883 2191 2078 2226 conciliare

385 2247 520 2269 nomen
540 2235 711 2270 Latinum
738 2234 849 2269 etiam
870 2235 1037 2269 Troianis
1063 2235 1235 2280 inposuit.
1260 2236 1296 2269 P
1312 2238 1323 2280 ΙΙ
1346 2241 1361 2270 1
1389 2237 1600 2271 uolturnum
1623 2238 1671 2271 M
1687 2239 1698 2282 ΙΙ
1719 2237 1874 2282 denique
1903 2268 1909 2273 .
1933 2267 1939 2272 .
1961 2266 1968 2272 .
1990 2238 2078 2272 Vul-

385 2283 533 2316 turnum
559 2294 624 2317 om.
651 2283 693 2316 K
698 2283 730 2315 L
757 2283 811 2325 (in
836 2293 946 2326 mary.
975 2284 1057 2317 add.
1086 2284 1111 2326 I)
1131 2284 1142 2327 ΙΙ
1162 2288 1181 2317 2
1208 2283 1301 2318 dixit
1326 2284 1413 2318 deos
1439 2285 1655 2328 ueteresque
1681 2285 1724 2318 H
1739 2286 1750 2329 ΙΙ
1770 2289 1791 2319 4
1818 2285 1996 2320 Saturnus
2022 2285 2079 2329 la-‚

385 2329 513 2374 tuerit]
540 2329 684 2374 fugiens
704 2328 769 2363 filii
789 2340 892 2363 arma
912 2330 994 2363 add.
1016 2331 1028 2363 Ζ
1036 2342 1068 2363 m
1087 2331 1098 2373 11
1119 2335 1138 2364 6
1159 2330 1436 2365 balendioribus
1458 2330 1488 2365 0
1504 2332 1607 2374 (corr.
1631 2332 1687 2375 0²)
1707 2333 1719 2376 ΙΙ
1739 2332 1857 2367 cascei
1878 2332 1922 2367 C:
1950 2331 2075 2367 Cassei

386 2376 579 2420 Scioppius
610 2388 627 2411 e
652 2376 831 2410 Fuldensi
862 2377 1017 2410 enotavit
1049 2376 1154 2411 Casei
1187 2378 1391 2412 Masvz'cius
1423 2381 1455 2412 et
1479 2378 1729 2413 Burmannus.
1780 2379 1823 2422 cf.
1850 2379 2075 2414 Niebuhrius

386 2423 486 2457 Ii'o‘m.
510 2424 631 2458 Gesch.
654 2424 686 2457 12
700 2435 739 2467 2).
757 2427 798 2457 79
818 2424 830 2467 ΙΙ
851 2427 868 2456 7
897 2423 969 2466 quo
994 2423 1076 2457 aliis
1096 2425 1195 2463 ortos
1215 2435 1292 2459 esse
1318 2425 1632 2469 recognoscebant
1659 2426 1688 2460 0
1729 2425 1902 2470 quoniam
1927 2426 1973 2461 ab
1999 2425 2074 2461 illis

387 2481 424 2503 30
450 2472 548 2503 ortos
575 2481 653 2503 csse
679 2470 992 2514 recognoscebant
1017 2471 1242 2505 Niebuhrius
1262 2472 1282 2505 l.
1305 2473 1326 2506 l.
1344 2483 1382 2515 p.
1405 2475 1464 2515 78,
1490 2473 1551 2506 eui
1576 2474 1771 2506 assentitur
1789 2473 1938 2507 Rubino
1957 2473 2072 2507 Beitr.

385 2527 412 2550 Ξ.
443 2516 625 2559 Vorssesclae.
650 2518 698 2552 It.
715 2528 754 2560 p.
775 2521 837 2560 44,
864 2527 972 2560 quom
999 2518 1045 2551 ab
1070 2517 1114 2551 iis
1142 2519 1241 2551 ortos
1268 2530 1346 2553 csse
1373 2530 1410 2553 se
1437 2520 1708 2563 cognoscebant
1726 2519 1916 2563 Berykius.
1954 2520 2074 2564 possis

385 2567 416 2596 et
442 2563 615 2606 quoniam
641 2564 687 2598 ab
712 2564 757 2597 iis
784 2565 883 2598 ortos
909 2574 985 2597 esse
1006 2574 1042 2597 se
1067 2565 1395 2609 recognoscebant,
1421 2566 1495 2600 uisi
1519 2567 1612 2608 forte
1631 2569 1795 2611 praestat
1818 2567 1883 2600 hoe
1907 2577 2074 2611 reponere

385 2610 482 2653 quod
507 2621 580 2645 non
606 2611 652 2645 ab
679 2610 760 2645 aliis
787 2611 884 2644 ortos
911 2621 990 2643 csse
1016 2612 1339 2655 recognoscebant.
1385 2613 1428 2654 ef.
1457 2613 1505 2647 ad
1529 2613 1619 2647 Aen.
1643 2613 1727 2647 VIII
1748 2617 1815 2647 328
1841 2614 1853 2657 ΙΙ
1881 2616 1902 2647 8
1921 2614 2075 2656 fortasse

384 2657 513 2691 ductos
532 2658 544 2701 ΙΙ
564 2670 802 2695 mnis-nummu
829 2670 914 2691 nuos
940 2668 1005 2691 om.
1034 2657 1064 2691 0
1098 2671 1184 2691 imos
1210 2669 1273 2692 om.
1304 2659 1381 2692 LH
1397 2660 1408 2703 ΙΙ
1428 2664 1447 2693 9
1475 2671 1578 2694 nmo
1604 2661 1727 2694 autem
1755 2660 1785 2694 0
1806 2661 1818 2704 ΙΙ
1846 2664 1886 2694 11
1915 2659 2008 2705 sine]
2035 2659 2072 2694 in

384 2704 427 2737 K
441 2705 452 2748 ΙΙ
473 2704 611 2738 clamor
636 2704 672 2738 in
699 2704 801 2738 caelo
829 2704 859 2738 O
882 2703 934 2745 (in
959 2705 1025 2738 del.
1052 2707 1238 2747 corrector)
1263 2707 1275 2749 Η
1302 2710 1343 2740 12
1370 2717 1436 2750 pro
1463 2706 1509 2740 ad
1536 2707 1678 2741 caelum
1706 2707 1750 2741 03
1774 2708 1786 2751 ΙΙ
1813 2711 1855 2741 13
1881 2706 1982 2741 uisus
2010 2707 2041 2741 C
2063 2706 2072 2751 Π

385 2751 676 2785 ansetascaniuni
699 2752 728 2785 0
751 2754 853 2794 (corr.
876 2750 936 2793 62)
956 2752 968 2794 ΙΙ
989 2755 1031 2784 14
1058 2751 1145 2785 (1003
1171 2762 1213 2785 ea:
1239 2752 1320 2787 dius
1340 2753 1397 2796 011
1421 2758 1460 2787 15
1486 2753 1632 2788 fuerant
1653 2753 1683 2788 0
1698 2755 1710 2798 ΙΙ
1730 2756 1765 2788 et
1791 2764 1856 2788 om.
1877 2754 1975 2796 libri,
1999 2755 2073 2788 uisi

384 2799 477 2841 quod
514 2799 534 2834 7
566 2809 665 2842 supr.
698 2809 782 2832 vers.
817 2798 900 2832 add.
935 2797 980 2832 02
1011 2799 1063 2832 rel
1090 2798 1144 2832 C³.
1196 2799 1314 2843 itaque
1344 2800 1444 2834 haud
1473 2801 1546 2834 seio
1578 2812 1627 2834 au
1661 2800 1736 2834 iam
1768 2800 1916 2835 fuerunt
1946 2800 2072 2837 Latini

384 2845 593 2889 escpellemza
623 2846 714 2888 siut,
745 2856 825 2879 cum
851 2845 1063 2888 praesertim
1096 2846 1201 2878 erant
1226 2856 1296 2889 pro
1328 2846 1476 2881 fuerunt
1505 2850 1723 2891 asspectum
1753 2848 1764 2890 ΙΙ
1798 2851 1838 2882 16
1873 2847 1966 2882 dixit
1997 2847 2040 2881 K
2062 2871 2071 2887 ,1

387 2895 428 2925 18
455 2893 512 2926 est
533 2902 597 2927 om.
619 2892 660 2925 K
675 2893 687 2936 ΙΙ
706 2903 863 2935 namque
887 2919 893 2926 .
915 2919 922 2925 .
945 2919 951 2925 .
973 2901 994 2924 a
1013 2902 1170 2935 persona
1189 2892 1313 2926 dubito
1333 2904 1419 2927 mim
1439 2894 1558 2928 Servii
1582 2894 1664 2927 siut.
1686 2894 1697 2937 ΙΙ
1717 2893 1760 2927 de
1787 2893 1900 2927 ductu
1925 2894 2072 2938 scripsi.-

386 2939 536 2973 diductu
563 2939 593 2973 0
615 2938 802 2982 <deductio
830 2937 874 2972 0²
911 2938 1081 2972 deductio
1109 2938 1166 2981 0³)
1198 2938 1369 2974 deductio
1395 2941 1525 2984 reliqui
1543 2940 1554 2983 ΙΙ
1579 2940 1751 2985 persona]
1785 2939 1849 2974 sed
1874 2940 1922 2974 ad
1946 2940 2070 2975 locum

385 2986 467 3019 add.
488 2985 530 3018 K
564 2986 627 3020 sed
655 2997 676 3019 a
701 2986 782 3019 loco
809 2986 892 3019 add.
915 2984 960 3018 03
995 2985 1159 3029 personis
1185 2985 1217 3018 L
1236 2987 1247 3030 ΙΙ
1267 2990 1310 3020 20
1336 2986 1496 3030 primum
1521 2986 1662 3020 italiam
1688 2986 1926 3030 appellantur
1951 2986 2070 3021 abori-

384 3031 488 3075 gines
516 3031 546 3065 0
581 3033 738 3076 primum
764 3032 872 3067 italos
899 3032 1078 3076 quosdam
1104 3031 1165 3075 qui
1198 3033 1408 3077 apellantur
1438 3032 1647 3078 aborigines
1675 3033 1719 3067 0³
1744 3034 1756 3077 ΙΙ
1787 3037 1828 3067 21
1857 3033 2069 3069 abellaban-

384 3079 443 3112 tur
469 3078 509 3111 K
524 3079 598 3122 1124
625 3079 670 3113 ab
697 3090 762 3114 om.
789 3080 875 3114 libri
895 3082 1040 3124 praeter
1065 3079 1077 3114 l

2195 2143 2204 2473 *uum-*-
2197 1995 2204 2128 ὴ..-
2201 1968 2204 1979 ..
2199 1933 2204 1943 -

2191 2532 2204 2915 Αι·ι-·-ᾳι’-.“ά-τκι-
2196 2511 2204 2522 .-
