2204 3437
814 198 1099 234 PRAEFATIO.
1682 193 1797 227 XCIII

109 313 327 357 Thebaide
349 311 477 354 Statii
504 311 608 352 satis
636 311 772 351 multa
803 307 1059 357 laudaverit,
1092 303 1342 346 Achilleidis
1375 302 1459 344 loci
1492 302 1564 357 qui
1596 303 1639 343 in
1671 303 1796 344 editis

109 384 427 438 exemplaribus
467 384 614 424 extant
653 395 674 421 e
711 377 943 420 Dresdensi
985 379 1028 417 et
1067 375 1278 416 similibus
1317 374 1440 414 libris
1481 373 1662 414 derivati
1701 376 1799 413 sunt

109 455 279 511 (Aen.I
313 455 389 508 73,
428 453 490 494 VI
522 452 610 507 57).
667 450 808 492 Ovidii
849 462 994 489 versus
1033 461 1192 501 paucos
1232 444 1402 486 Servius
1449 445 1799 486 commemoravit

108 540 264 581 eosque
298 540 348 566 ex
381 521 786 576 metamorphoseon
805 519 927 560 libris
960 517 1137 571 petitos,
1168 516 1269 557 Itali
1303 516 1438 557 multo
1476 515 1602 568 plura
1628 530 1677 556 ex
1711 516 1799 556 eius

108 596 368 639 carminibus
401 593 717 647 exscripserunt
754 593 880 643 atque
921 588 973 629 ad
1004 589 1213 629 fastorum
1247 601 1412 640 quoque
1446 590 1487 627 et
1520 585 1800 640 epistolarum

108 683 158 709 ex
190 667 329 708 Ponto
361 666 493 706 libros
526 662 879 716 provocaverunt.
935 658 1114 713 denique
1152 672 1303 698 moneo
1343 657 1387 697 in
1418 657 1575 699 italicis
1608 657 1730 699 libris
1765 659 1800 699 si

108 737 208 792 quid
241 752 292 778 ex
323 735 479 777 litteris
514 733 682 775 saeculo
717 731 864 785 quinto
898 729 1060 771 decimo
1093 743 1180 769 non
1212 728 1297 769 iam
1337 729 1581 769 extantibus
1621 729 1800 770 citatum

113 809 187 862 sit,
220 807 396 848 eandem
422 803 674 846 memoriam
701 803 753 843 ab
781 800 1096 855 antiquioribus
1124 798 1416 854 grammaticis
1450 803 1665 841 servatam
1697 815 1801 842 esse.

110 879 165 920 cf.
197 878 338 919 adnot.
373 877 464 917 crit.
499 875 551 916 ad
577 890 615 928 p.
651 873 746 927 163,
773 874 816 925 5,
849 872 948 925 434,
977 871 1049 924 133
1082 871 1179 924 605,
1215 871 1278 911 18.
1336 869 1385 910 de
1418 870 1547 911 Ennii
1579 871 1721 912 verbis
1749 872 1800 911 ad

109 950 213 991 Aen.
245 948 328 990 VII
369 947 454 988 568
500 945 701 1001 prolatis,
746 958 852 998 quae
896 943 941 983 in
983 941 1341 983 Pa1·isino‘7965
1376 955 1462 982 non
1499 941 1661 994 inveni,
1706 942 1800 983 vide

107 1019 294 1061 Vahleni
326 1017 646 1059 adnotationem
679 1014 874 1055 criticam
906 1013 958 1053 ad
992 1028 1087 1053 ann.
1121 1011 1259 1065 XVII,
1286 1013 1311 1052 2
1339 1027 1377 1065 p.
1411 1012 1476 1053 63.
1528 1027 1579 1053 ne
1613 1011 1801 1054 Cornelii

108 1089 291 1144 Nepotis
325 1087 493 1142 quidem
527 1087 576 1126 de
610 1085 772 1126 duabus
807 1083 1083 1138 Carthaginis
1116 1083 1233 1124 urbis
1266 1082 1463 1137 partibus
1495 1083 1803 1138 testimonium,

111 1160 222 1215 quod
256 1159 308 1200 ad
340 1159 446 1199 Aen.
476 1156 496 1197 I
523 1157 607 1198 368
642 1154 702 1211 (p.
731 1155 827 1209 125,
847 1154 891 1205 3)
925 1169 975 1195 ex
1008 1153 1078 1195 ‘eo
1111 1155 1221 1195 libro
1256 1154 1328 1208 qui
1360 1153 1450 1194 vita
1481 1154 1714 1195 illustrium
1741 1155 1801 1195 in-

112 1229 334 1273 scribitur’
369 1232 411 1270 et
442 1227 806 1280 Guelferbytanus
845 1226 1008 1279 primus
1042 1228 1083 1266 et
1116 1225 1251 1266 italici
1285 1224 1450 1266 codices
1485 1225 1705 1279 exhibent,
1754 1241 1803 1266 ex

111 1302 193 1343 hoc
225 1302 319 1355 ipso
353 1299 463 1340 libro
491 1297 674 1352 petitum
696 1312 787 1338 esse
814 1299 940 1350 puto,
973 1297 1128 1351 quippe
1155 1311 1280 1350 quem
1313 1294 1384 1336 ede
1416 1296 1517 1337 viris
1544 1296 1802 1338 illustribus'

109 1371 285 1413 inscribi
319 1372 487 1412 constet
513 1368 582 1424 (cf.
616 1368 776 1409 Charis.
808 1382 847 1421 p.
870 1368 967 1422 220,
990 1368 1062 1421 12,
1097 1368 1192 1420 141,
1215 1367 1267 1407 13
1299 1368 1341 1407 et
1373 1367 1447 1421 243
1479 1366 1584 1408 Gell.
1605 1367 1666 1407 XI
1687 1369 1724 1422 8,
1745 1367 1802 1422 5).

113 1443 242 1483 etiam
274 1441 370 1483 aliis
396 1440 501 1482 locis
535 1439 808 1493 antiquorum
843 1438 1098 1492 scriptorum
1130 1438 1261 1478 verba
1302 1437 1346 1478 in
1385 1453 1507 1479 suum
1544 1453 1667 1479 usum
1707 1453 1802 1480 con-

114 1513 335 1554 verterunt
365 1510 486 1564 Itali,
517 1509 653 1551 veluti
685 1524 792 1562 quae
825 1508 877 1549 ad
909 1509 1013 1550 Aen.
1039 1508 1103 1549 IH
1135 1509 1220 1550 443
1254 1509 1568 1551 adnotaverunt
1599 1510 1704 1551 unde
1735 1511 1803 1550 ad-

112 1583 191 1624 huc
221 1583 292 1635 qui
324 1581 526 1634 inspirari
562 1580 691 1621 solem
724 1580 885 1631 fatuari
921 1580 1112 1620 dicemtu‘r
1143 1580 1298 1620 Iustini
1338 1584 1437 1621 sunt
1477 1580 1636 1634 (XLIII
1671 1581 1713 1634 1,
1747 1579 1803 1636 8),

109 1654 213 1695 Α611.
245 1652 306 1693 IV
343 1652 424 1692 146
457 1651 593 1692 Melae
625 1651 735 1692 liber
766 1649 828 1705 (II
862 1649 927 1706 1),
959 1650 1061 1691 Aen.
1082 1650 1102 1690 I
1125 1651 1219 1704 174,
1251 1651 1292 1691 II
1324 1652 1408 1692 469
1443 1652 1494 1692 al.
1529 1651 1665 1693 Servii
1693 1665 1802 1692 com-

110 1723 345 1766 mentarius
380 1722 451 1777 (ad
484 1721 589 1763 Aen.
616 1721 636 1762 I
669 1722 753 1762 312
787 1724 830 1762 et
861 1721 953 1762 buc.
974 1721 1078 1763 VIII
1100 1719 1175 1777 29)
1213 1722 1449 1776 exscriptus
1484 1725 1559 1763 est.
1617 1723 1803 1763 ceterum

110 1795 297 1836 Thomas
343 1793 455 1834 essai
486 1807 526 1846 p.
559 1792 703 1833 9—33
743 1807 849 1846 quae
888 1792 932 1832 in
964 1791 1165 1833 Aeneidis
1199 1793 1518 1834 commentariis
1558 1792 1803 1833 italicorum

109 1865 316 1906 librorum
347 1863 522 1917 propria
555 1864 655 1903 sunt
687 1862 860 1917 collegit
902 1864 943 1903 et
974 1862 1024 1903 de
1062 1863 1302 1904 rationibus
1344 1863 1496 1905 harum
1538 1863 1803 1904 additionum

114 1936 218 1976 scite
250 1934 497 1988 disputavit.

255 2005 321 2047 Ex
370 2004 590 2058 impressis
644 2003 836 2045 Serviani
888 2006 1185 2046 commentarii
1236 2006 1576 2060 exemplaribus,
1621 2019 1800 2058 quorum

110 2075 309 2118 elenchos
350 2074 543 2129 Heynius
581 2074 680 2128 (vol.
713 2074 775 2116 IV
818 2090 856 2129 p.
890 2075 974 2115 636
1009 2090 1096 2129 sqq.
1139 2076 1201 2117 ed.
1233 2074 1315 2130 IV)
1359 2078 1401 2117 et
1442 2076 1629 2117 Thomas
1672 2073 1803 2130 (essai

109 2161 149 2200 p.
181 2147 263 2188 331
299 2143 407 2201 sqq.)
441 2145 731 2199 confecerunt,
764 2160 813 2186 ea
851 2148 1022 2186 tantum
1055 2146 1208 2199 quibus
1241 2147 1332 2200 ipse
1365 2162 1466 2188 usus
1500 2162 1592 2187 sum
1625 2161 1804 2188 comme-

111 2217 299 2258 morabo.
356 2230 500 2257 eorum
534 2216 881 2270 antiquissimum
915 2218 978 2256 est
1009 2216 1224 2258 Roberti
1257 2216 1526 2272 Stephani,
1558 2217 1735 2258 Parisiis
1769 2232 1804 2257 a.

114 2287 225 2329 1532
259 2287 430 2328 editum.
487 2287 604 2328 cuius
637 2289 685 2327 ut
717 2299 875 2341 magna
907 2287 1010 2327 olim
1044 2290 1156 2328 esset
1188 2288 1298 2342 apud
1332 2288 1480 2330 doctos
1515 2289 1628 2330 viros
1662 2290 1803 2330 aucto—

111 2359 240 2412 ritas,
271 2357 387 2398 haud
420 2358 508 2398 scio
544 2372 597 2398 an
628 2357 713 2398 illis
742 2358 938 2398 effectum
966 2358 1022 2398 sit
1049 2372 1157 2411 quae
1185 2357 1427 2413 Stephanus
1460 2360 1504 2400 in
1536 2359 1803 2413 praefatione

112 2428 363 2481 affirmavit,
395 2427 668 2481 antiquorum
707 2428 900 2468 codicum
936 2428 1018 2468 fide
1050 2428 1208 2469 fretum
1247 2444 1290 2470 se
1330 2430 1466 2471 multa
1498 2444 1604 2484 quae
1645 2432 1803 2471 temere

115 2499 258 2540 addita
277 2498 522 2540 viderentur
547 2497 800 2552 detraxisse,
832 2499 967 2540 multa
986 2499 1300 2555 immutavisse,
1333 2516 1417 2542 non
1437 2501 1554 2542 nulla
1582 2501 1804 2542 addidisse.

112 2584 248 2625 neque
290 2568 478 2610 dubitari
522 2571 665 2622 potest
705 2569 807 2623 quin
849 2570 954 2611 satis
995 2570 1098 2611 boni
1140 2570 1304 2612 codices
1346 2572 1383 2612 61
1426 2575 1595 2625 praesto
1638 2571 1804 2612 fuerint.

114 2654 213 2681 nam
245 2639 327 2681 etsi
359 2640 403 2681 in
434 2639 569 2693 ipsius
603 2638 739 2681 Servii
772 2640 912 2682 verbis
946 2640 1059 2681 haud
1090 2656 1247 2694 paucas
1275 2642 1507 2696 scripturas
1540 2643 1672 2683 habet
1699 2656 1804 2695 quae

114 2725 139 2751 a
170 2725 360 2751 meorum
393 2710 600 2751 librorum
631 2711 890 2752 testimoniis
923 2711 1197 2767 dissentiant,
1229 2712 1437 2754 Italorum
1465 2715 1610 2753 tamen
1637 2712 1804 2765 supple-

114 2783 258 2822 menta
289 2780 488 2836 delevitl)
522 2783 563 2822 et
595 2796 682 2822 non
707 2782 826 2823 nulla
863 2782 1104 2835 pleniorum
1143 2783 1335 2824 codicum
1369 2783 1661 2824 additamenta
1694 2797 1805 2822 recc-

114 2850 241 2907 pit2),
272 2854 320 2892 ut
352 2852 561 2906 suspicari
593 2852 731 2906 possis
765 2852 816 2893 ad
848 2852 891 2893 id
923 2853 1142 2907 exemplar
1174 2869 1255 2909 quo
1289 2854 1361 2894 1116
1394 2854 1577 2894 maxime
1612 2867 1710 2893 usus
1738 2852 1806 2903 sit,

114 2922 226 2963 idem
257 2922 469 2976 pertinere
503 2923 613 2977 quod
646 2923 696 2963 de
729 2923 865 2965 altera
897 2922 1137 2965 Cassellani
1167 2928 1290 2978 parte
1323 2923 1413 2978 (lib.
1441 2922 1644 2977 III—Vl)
1678 2937 1806 2976 supra

216 3040 249 3079 1)
277 3040 375 3073 errat
400 3038 560 3073 Thomas
587 3039 651 3083 qui
682 3051 715 3083 p.
744 3043 811 3074 338
837 3039 963 3074 italico
989 3039 1084 3075 libro
1113 3040 1340 3084 Stephanum
1368 3050 1472 3073 usum
1500 3050 1578 3073 csse
1605 3039 1704 3073 dicit.

117 3094 153 3134 2)
179 3091 222 3126 cf.
251 3091 379 3126 adnot.
407 3091 485 3126 crit.
515 3091 561 3125 ad
587 3094 675 3126 Aen.
702 3091 755 3125 ΙΙΙ
781 3096 865 3136 122,
894 3097 976 3134 136,
1005 3096 1088 3134 152,
1114 3097 1179 3126 231
1219 3095 1256 3127 et
1290 3092 1424 3126 inultos
1451 3091 1571 3135 quinti
1597 3092 1681 3126 libri
1708 3093 1806 3127 locos

117 3154 207 3186 quos
234 3155 445 3179 enumerare
471 3144 623 3188 longum
649 3145 714 3180 est.

1805 1994 1846 2018 Dc
1858 1994 2013 2023 impressis

1805 2030 1900 2054 Servii
1918 2036 2015 2054 exeni-

1835 2065 1977 2095 pluribus.
