2204 3437
534 185 685 220 COMM.
712 187 764 220 IN
790 185 930 220 VERG.
957 186 1067 221 AEN.
1094 187 1119 221 Ι.
1149 190 1345 221 1152v120.
1731 188 1786 227 55

89 295 225 335 evenit.
352 305 528 334 NANTES
567 293 705 347 prima
743 293 862 334 verbi
900 293 1059 347 positio
1101 295 1165 333 est
1203 292 1279 333 eno
1317 307 1394 333 nas
1426 293 1535 347 naff,
1573 294 1682 335 unde
1721 298 1786 337 est

88 379 208 406 nare
246 378 332 418 per
371 366 622 405 aestatem
660 363 916 418 liquidam.
979 363 1119 417 prima
1157 363 1326 417 syllaba
1363 364 1619 405 naturaliter
1655 365 1787 419 longa

89 437 172 488 est,
215 435 316 476 licet
356 434 546 476 ‘natare'
593 433 688 475 ‘na’
733 434 872 475 brevis
914 433 971 474 sit
1008 433 1053 474 in
1098 433 1246 474 eadem
1290 433 1618 488 significatione.
1737 449 1784 477 IN

89 517 292 547 GVRGITE
325 517 471 547 VASTO
504 504 715 559 tapinosis
748 507 830 558 est,
872 504 914 545 id
947 506 1011 545 est
1043 504 1106 545 rei
1138 517 1321 558 magnae
1353 504 1528 546 humilis
1563 507 1784 560 expositio.

87 577 317 631 prudenter
348 580 493 617 tamen
523 575 742 630 Vergilius
780 575 1071 616 humilitatem
1104 576 1313 616 sermonis
1353 576 1544 630 epitheto
1577 577 1785 632 sublevat,

86 650 134 689 ut
165 648 246 689 1100
278 648 371 689 1000
406 646 570 688 ‘vasto'
604 645 777 687 addidit.
839 646 943 686 item
976 660 1071 686 cum
1103 646 1152 686 de
1187 660 1294 700 equo
1335 647 1581 701 loqueretur
1613 648 1673 689 ait
1707 663 1783 689 ca-

86 733 266 760 vernas
297 719 550 772 ingentes.

207 790 301 830 119.
350 801 476 830 ARMA
511 800 658 830 VIRVM
690 788 796 829 bene
830 787 991 829 addidit
1025 786 1216 841 ‘virum',
1257 788 1299 829 id
1329 791 1387 829 est
1416 789 1609 830 virm-mn.
1666 805 1785 831 arma

86 860 198 900 enim
248 860 445 901 dicuntur
495 862 741 900 cunctarum
791 859 949 899 artium
999 859 1306 912 instrumenta,
1356 860 1404 899 ut
1449 857 1783 915 Cerealiaque

86 946 238 985 arma,
282 931 385 972 item
431 930 679 984 colligere
725 944 861 970 arma
898 929 1041 970 iubet
1080 932 1121 970 et
1160 930 1244 970 alio
1287 929 1380 971 loco
1426 930 1691 971 dicendum
1737 934 1785 972 et

86 1016 212 1056 quae
255 1002 358 1043 sint
397 1001 535 1042 duris
575 1000 871 1054 agrestibus
911 1015 1059 1041 arma.
1182 1012 1324 1042 TROIA
1358 1000 1597 1042 differentia
1628 1001 1673 1042 in
1704 1001 1785 1043 1100

85 1087 278 1114 sermone
311 1074 376 1114 est
408 1075 450 1113 et
481 1072 527 1112 in
559 1086 685 1112 sensu
718 1074 760 1112 et
791 1072 837 1112 in
870 1071 1063 1125 syllabis.
1118 1086 1218 1112 nam
1251 1085 1346 1112 cum
1386 1072 1653 1125 provinciam
1686 1072 1781 1113 dici-

84 1159 195 1198 mus,
226 1157 324 1185 nam
346 1143 472 1184 Troia
483 1143 717 1195 provinc-ia,
744 1141 776 1183 I
779 1143 879 1184 lium
902 1143 989 1195 ipsa
1009 1143 1167 1192 civitas,
1195 1145 1237 1183 et
1261 1142 1499 1196 principale
1526 1145 1591 1183 est
1616 1157 1784 1197 nomen,

83 1214 224 1256 brevis
260 1216 324 1255 est
353 1212 482 1254 ‘Trof
534 1212 702 1267 quando
737 1214 879 1253 autem
909 1227 996 1253 non
1029 1214 1093 1254 est
1124 1212 1358 1266 principale
1392 1215 1434 1254 et
1466 1212 1674 1254 derivatio
1707 1217 1784 1268 est,

79 1286 211 1339 longa
243 1286 308 1325 est
341 1283 480 1334 eTro.',
518 1286 566 1324 ut
598 1283 783 1324 Troius
816 1282 1029 1325 Aeneas.
1153 1294 1272 1324 GAZA
1304 1283 1501 1325 Persicus
1543 1298 1682 1326 sermo
1719 1287 1783 1325 est

80 1359 122 1397 et
154 1355 368 1410 siguificat
407 1354 597 1408 divitiaS,
636 1355 742 1395 *zmzde
775 1353 893 1396 Gaza
924 1354 1022 1395 urbs
1052 1355 1097 1395 «in
1128 1354 1369 1396 Palaestina
1400 1355 1570 1405 dieitur,
1601 1356 1709 1407 quod
1738 1356 1784 1396 ¹in

79 1441 126 1468 ea
156 1426 370 1480 Cambyses
400 1439 470 1467 rex
496 1426 721 1467 Persarum
752 1439 843 1466 eum
868 1425 1081 1478 Aeyypz‘ic's
1112 1425 1258 1466 bellum
1290 1425 1460 1477 inferret
1490 1427 1656 1468 divitias
1686 1441 1784 1469 suas

79 1498 269 1539 condidit.
319 1499 383 1538 est
415 1499 558 1538 autem
592 1497 760 1552 generis
799 1496 1011 1551 feminini,
1050 1499 1098 1537 ut
1131 1499 1179 1537 et
1211 1509 1337 1550 gaza
1369 1497 1539 1538 laetus
1574 1498 1782 1551 agresti.

81 1583 164 1623 quo
197 1568 392 1622 exemplo
426 1571 604 1622 apparet
637 1582 803 1622 quoque
837 1567 1050 1621 superfluo
1085 1568 1230 1622 quaeri
1258 1583 1282 1608 a
1310 1568 1477 1622 multis,
1511 1569 1782 1623 quemadmo-

80 1640 178 1680 dum
210 1640 401 1693 potuerit
438 1654 589 1680 aurum
628 1641 796 1692 natare,
834 1638 1126 1680 nescientibus
1166 1652 1310 1694 gazas,
1352 1639 1395 1680 id
1435 1642 1499 1681 est
1540 1655 1660 1695 opes,
1699 1640 1781 1681 dici
1808 1658 1816 1664 ·

80 1725 204 1752 omne
250 1710 361 1765 quod
405 1709 685 1764 possidemus.
753 1713 828 1750 aut
871 1713 971 1750 certe
1018 1709 1224 1763 hyperbole
1271 1712 1535 1765 tempestatis,
1579 1715 1625 1752 ut
1659 1713 1782 1753 etiam

72 1783 300 1835 ponderosa
328 1781 432 1833 ferri
454 1781 675 1834 potuerint.
790 1798 863 1822 PER
889 1797 1013 1822 rmus
1044 1779 1154 1833 ‘per’
1186 1781 1355 1833 quidemn
1386 1782 1569 1823 nolunt*

200 1853 294 1894 120.
335 1864 419 1893 IAM
439 1863 647 1893 VALIDAM
668 1864 848 1905 zeugma
868 1853 934 1892 est
955 1851 1007 1892 ab
1029 1851 1307 1893 inferioribus
1331 1851 1449 1894 ‘vicit
1469 1852 1636 1895 hiems'.
1670 1855 1782 1908 quod

78 1925 127 1965 fit
147 1926 189 1965 et
209 1939 233 1965 a
252 1923 542 1977 superioribus
564 1926 606 1964 et
627 1938 651 1964 a
671 1923 829 1973 medio,
855 1923 1108 1977 plerumque
1136 1925 1178 1964 et
1205 1922 1257 1964 ad
1283 1925 1512 1978 utrumque
1538 1925 1781 1980 respondet,

173 2069 192 2099 2
219 2064 322 2108 nare]
356 2074 482 2108 georg.
509 2064 567 2099 IV.
596 2067 638 2097 59
671 2064 682 2107 ΙΙ
714 2067 733 2097 6
762 2062 952 2107 cavernas]
981 2063 1022 2096 A.
1050 2063 1084 2096 Π
1112 2066 1153 2096 19
1186 2064 1197 2107 Η
1235 2066 1255 2096 8
1283 2074 1387 2098 arma
1414 2091 1420 2097 .
1450 2092 1456 2098 .
1486 2095 1492 2101 .
1519 2064 1779 2109 instrumenta]

77 2111 160 2147 Isid.
189 2123 238 2146 or.
266 2111 386 2145 XVIII
406 2115 439 2155 5,
462 2115 479 2145 1
505 2113 517 2155 ΙΙ
549 2115 568 2145 9
596 2109 851 2155 Cerealiaque]
879 2111 920 2144 A.
948 2110 963 2143 Ι
987 2114 1051 2144 177
1084 2111 1095 2154 ΙΙ
1129 2114 1170 2144 10
1198 2110 1389 2156 colligere]
1417 2112 1459 2145 A.
1487 2111 1519 2145 V
1542 2115 1582 2145 15
1615 2113 1627 2156 ΙΙ
1659 2112 1781 2146 dicen-

75 2159 182 2204 dum]
210 2169 333 2203 georg.
364 2159 379 2191 I
407 2162 474 2193 160
505 2160 516 2202 ΙΙ
556 2162 597 2192 15
624 2157 769 2201 Troius]
796 2157 838 2191 A.
865 2158 880 2190 I
908 2161 975 2191 596
1013 2158 1025 2201 ΙΙ
1064 2161 1106 2192 16
1132 2157 1230 2192 unde
1257 2157 1355 2192 Gaza
1381 2187 1388 2193 .
1418 2187 1425 2194 .
1454 2187 1460 2193 .
1489 2159 1668 2205 condidit]
1695 2159 1780 2193 Isid.

79 2217 130 2242 or.
156 2206 223 2241 XV
250 2210 282 2251 1,
309 2210 363 2241 16.
403 2205 449 2241 cf.
477 2216 607 2241 comm.
635 2205 722 2240 Luc.
749 2205 801 2239 III
827 2208 895 2239 216
927 2205 939 2249 ΙΙ
971 2208 1013 2239 18
1041 2205 1078 2239 et
1103 2205 1210 2250 gaza]
1237 2206 1280 2240 A.
1307 2205 1340 2239 V
1366 2209 1411 2239 40

173 2340 192 2371 5
219 2336 436 2381 prudentior
456 2335 486 2371 O
507 2337 519 2380 Η
550 2335 715 2380 epitheto
738 2335 787 2369 M
793 2334 859 2369 Css:
886 2334 1080 2379 epitheton
1099 2334 1134 2368 B
1143 2333 1184 2368 K
1190 2334 1232 2368 H
1267 2334 1476 2381 epithetossss'
1493 2335 1526 2368 L
1554 2337 1566 2380 [Ι
1594 2336 1779 2382 sublevat]

81 2384 316 2419 subleuatum
341 2383 377 2417 B
397 2385 408 2428 ss
437 2387 456 2417 8
485 2384 533 2418 (th
557 2394 588 2417 v.
612 2387 677 2417 119
703 2382 817 2417 Arma
842 2382 979 2427 uirum]
1005 2382 1099 2416 bene
1125 2382 1271 2416 addidit
1295 2382 1433 2425 uirum,
1460 2393 1563 2417 arma
1588 2384 1686 2417 enim
1713 2411 1720 2417 .
1743 2412 1749 2418 .
1773 2413 1778 2419 .

80 2431 302 2475 cerialiaque
329 2441 440 2465 arma.
488 2429 612 2475 Troia]
641 2429 848 2464 differentia
874 2458 882 2466 .
905 2459 911 2464 .
935 2457 941 2463 .
969 2430 1006 2463 et
1030 2429 1154 2463 breuis
1180 2431 1237 2464 est
1262 2429 1378 2464 ‘Tro’.
1423 2430 1569 2473 quando
1597 2430 1780 2466 deriuatio

77 2479 191 2524 longa
223 2479 278 2513 est
305 2477 421 2512 ‘Tro'
452 2506 459 2512 .
487 2506 494 2511 .
523 2505 529 2511 .
561 2478 682 2512 laetus
717 2476 866 2522 agresti.
918 2478 955 2511 et
985 2487 1059 2510 non
1091 2488 1220 2511 aurum
1253 2478 1290 2511 et
1321 2478 1516 2521 argentum
1548 2479 1632 2511 sunt
1655 2489 1779 2522 gazae,

77 2526 141 2560 sed
167 2537 294 2560 omnes
321 2536 420 2570 opes.
444 2525 480 2558 P
496 2526 507 2570 ΙΙ
527 2529 546 2559 9
568 2524 791 2568 cerialiaque
810 2524 853 2558 K
868 2525 880 2568 ΙΙ
902 2527 944 2558 13
967 2524 1116 2569 110111011]
1145 2526 1182 2558 et
1207 2523 1430 2568 disyllabum
1458 2513 1540 2559 add.
1564 2525 1629 2559 Ml
1648 2526 1659 2569 ΙΙ
1680 2530 1723 2559 14
1744 2528 1781 2559 et

78 2573 200 2608 breuis
220 2572 363 2607 BHM
385 2573 397 2616 11
427 2584 501 2607 11011
527 2573 583 2607 est
607 2571 812 2617 principale
839 2573 877 2606 et
902 2571 1082 2606 derivatio
1104 2571 1174 2616 est]
1202 2571 1263 2605 uel
1289 2571 1436 2615 quando
1465 2572 1589 2606 autem
1616 2574 1671 2606 est
1697 2584 1779 2616 pos-

79 2620 259 2656 sessiuum
288 2619 511 2655 trisillabum
543 2621 600 2654 est
631 2620 668 2654 et
699 2619 811 2663 longa
843 2620 899 2653 est
929 2619 986 2653 tro
1019 2629 1195 2663 superser.
1222 2630 1256 2652 m
1294 2619 1349 2653 est
1380 2618 1629 2662 possessiuum
1654 2621 1695 2653 ut
1721 2620 1779 2653 hic

77 2668 313 2712 trisyllabum
345 2668 402 2701 est
432 2677 607 2711 superser.
636 2667 657 2701 l.
701 2667 816 2701 simile
848 2667 990 2710 aliquid
1021 2667 1063 2700 in
1095 2666 1301 2701 Gassellcmo
1335 2677 1470 2710 quoque
1496 2667 1540 2700 ab
1568 2667 1678 2701 altero
1705 2678 1779 2700 cor-

78 2719 211 2750 rectore
237 2715 312 2759 (03)
338 2715 380 2749 in
403 2715 567 2759 maryine
593 2714 818 2758 adscriptum
848 2714 960 2756 fecisse
993 2714 1139 2748 conicio.
1191 2717 1342 2748 testatur
1369 2717 1458 2748 certe
1483 2714 1678 2758 Scioppius
1698 2718 1781 2757 post

79 2762 210 2797 nolunt
236 2763 314 2805 (lin.
342 2763 401 2806 22)
428 2763 581 2796 codicem
603 2762 774 2805 praebere
799 2762 837 2796 et
861 2761 958 2796 troia
988 2761 1235 2805 possessiuum
1269 2760 1552 2804 aiacesseseoin‚
1585 2773 1676 2805 quae
1710 2773 1778 2794 non

78 2810 204 2854 recepi.
250 2812 402 2844 ceterum
427 2810 465 2844 et
490 2808 671 2843 derivatio
698 2810 756 2843 est
780 2819 852 2843 ozon
877 2809 1048 2843 ‘videntur
1073 2808 1193 2843 Servii
1218 2819 1296 2843 esse.
1335 2809 1347 2853 ΙΙ
1386 2812 1427 2842 15
1456 2809 1493 2843 et
1516 2808 1628 2851 longa
1653 2809 1746 2842 ,ΒΜ
1779 2836 1781 2852 ι,

80 2861 123 2892 16
149 2856 352 2891 ridaestina
378 2856 414 2890 P
437 2857 448 2900 n
482 2860 522 2891 17
550 2855 694 2900 aegytis
722 2856 758 2889 P
780 2857 792 2899 ΙΙ
825 2859 866 2890 19
893 2866 965 2899 quo
995 2855 1165 2900 exemplo
1193 2883 1200 2890 .
1223 2884 1229 2890 .
1253 2883 1260 2890 .
1286 2856 1415 2900 gazas]
1442 2855 1631 2899 quaeritur
1655 2857 1780 2889 tamen

80 2915 102 2938 a
132 2904 260 2939 multis
293 2903 603 2948 quemadmodum
635 2902 759 2947 potuit
789 2913 919 2937 aurum
956 2907 1085 2938 natare
1121 2902 1370 2938 nescient-ibus
1403 2914 1493 2947 gaza
1521 2902 1550 2936 G
1577 2904 1588 2945 ΙΙ
1627 2906 1668 2935 22
1698 2905 1781 2944 post

78 2951 209 2986 nolunt
229 2952 398 2985 lacummt
416 2951 589 2985 indicari.
627 2952 779 2993 fortasse
802 2951 896 2995 ‘per’
919 2950 1071 2994 quidam
1090 2951 1220 2985 volunt
1242 2950 1380 2984 ‘inter’.
1420 2950 1463 2991 ef.
1487 2950 1535 2983 (cd
1554 2949 1643 2982 Aen..
1665 2949 1715 2982 IV
1736 2953 1778 2982 56

78 2999 211 3033 notant
235 2999 326 3033 com'.
349 2998 395 3033 F.
417 2998 614 3033 Sclzoezzms
632 2999 644 3041 ΙΙ
664 3002 706 3031 23
729 2998 777 3032 acl
796 3009 828 3032 v.
846 3001 913 3032 120
932 2998 1011 3032 Iam
1031 2997 1212 3042 ualidam]
1234 3007 1388 3040 zeugma
1407 2998 1462 3030 est
1481 2996 1527 3030 ab
1548 2995 1779 3030 inferioribus

83 3045 195 3080 ‘uicit
220 3045 373 3088 hiems’‚
405 3045 504 3089 quod
534 3045 576 3080 fit
603 3073 610 3079 .
637 3073 646 3081 .
674 3072 680 3078 .
707 3045 805 3088 quod
837 3044 868 3079 si
900 3044 1108 3089 contingat,
1144 3044 1339 3088 antiptosis
1365 3043 1422 3086 fit,
1456 3054 1528 3077 non
1562 3043 1707 3087 regula,
1739 3044 1780 3076 ut

83 3091 234 3127 ‘haeret
263 3092 357 3137 pede
388 3093 474 3137 pes'
507 3103 573 3137 pro
608 3091 749 3136 ‘pedi'.
779 3092 815 3126 P
847 3093 859 3136 ΙΙ
896 3103 1050 3127 zenuma
1081 3092 1124 3125 K
1163 3101 1291 3126 Zeuma
1321 3090 1454 3124 BLM
1490 3091 1502 3134 Η
1539 3089 1629 3125 vicit
1660 3090 1778 3125 hiems

80 3149 145 3173 om.
171 3139 214 3172 K
239 3141 251 3184 ΙΙ
280 3139 385 3184 vicit]
412 3140 454 3174 ut
479 3139 570 3174 dicit
599 3139 633 3173 R

1813 941 1854 970 10

1812 1294 1853 1324 15
