2204 3437
577 191 725 226 COMM.
751 191 803 225 IN
828 189 969 225 VERG.
996 190 1105 224 AEN.
1132 190 1175 223 Π.
1204 193 1401 223 643-657.
1746 190 1832 230 315

143 303 367 352 ventorum,
397 302 445 340 ut
467 300 512 340 iri
546 299 672 340 VIII.
701 297 843 352 <429>
878 297 969 338 tris
1000 296 1172 337 imbris
1205 296 1322 336 torti
1352 297 1535 346 radios,
1569 297 1661 337 tris
1693 297 1834 336 uubis

142 383 351 423 aquosae
387 370 695 410 addiderant.
814 381 911 409 saue
941 367 987 408 dc
1022 366 1267 418 fhdmiuibus
1297 366 1368 407 hoe
1398 367 1593 419 scriptum
1624 367 1669 406 ‘in
1700 379 1832 407 recou-

141 442 239 483 ditis
269 441 471 481 iuvenitur
503 440 626 492 quod
653 440 696 480 si
732 452 867 491 quem
890 437 1168 490 principem
1200 437 1422 477 civitatis
1454 437 1526 477 vel
1555 449 1707 489 reqcui
1737 437 1834 487 ful-

142 525 244 552 meri
275 510 553 563 afflaverit,
584 512 628 550 et
655 508 1004 562 supervixerit,
1032 510 1258 560 posteros
1289 507 1391 548 eius
1422 507 1610 548 nobiles
1638 506 1836 558 futuros

141 585 184 623 et
212 584 437 622 aeternae
470 580 673 632 qloriae.
794 578 958 620 Fabula
996 590 1094 618 saue
1132 577 1228 618 talis
1266 580 1342 618 cst:
1379 591 1470 617 eum
1508 579 1614 619 iuter
1650 577 1835 630 aequales
1862 584 1880 614 5

141 653 372 705 epularetur
396 650 609 703 Anchises,
638 650 839 703 qloriatus
871 648 1049 689 traditur
1079 648 1126 688 de
1150 647 1561 713 concubiui,Veneris.
1610 649 1717 700 quod
1746 660 1835 688 cum

141 723 232 764 Iovi
265 722 398 763 Venus
428 723 566 773 questa
598 723 710 773 esset,
742 719 924 769 emeruit,
956 721 1003 759 ut
1026 719 1070 759 iu
1096 717 1316 758 Anchisem
1345 717 1527 768 fulmina
1559 719 1835 766 uiittereutm·;

140 793 208 835 sed
245 793 377 834 Venus
407 804 497 831 cum
527 804 618 831 eum
647 790 821 841 fulmine
844 802 962 841 posse
991 788 1155 829 vidisset
1191 788 1388 839 interimi,
1427 788 1623 829 miserata
1657 789 1836 829 iuvenem

142 864 187 904 in
217 863 345 904 aliam
367 864 531 914 partem
559 861 716 912 fulmen
748 860 929 912 detorsit,
961 858 1159 900 Anchises
1191 862 1324 899 tamen
1356 858 1528 910 afflatus
1558 859 1649 911 ique
1680 858 1838 899 caelesti

142 947 294 986 semper
324 932 466 974 debilis
495 931 610 972 rioeit.
1867 936 1907 965 10

260 1003 356 1044 651.
406 1013 493 1044 NOS
527 1012 710 1043 CONTRA
749 999 1089 1054 praepositiones
1123 999 1190 1040 vel
1230 998 1432 1040 adverbia
1463 999 1507 1039 in
1539 998 1606 1039 ‘a'
1640 998 1839 1039 exeuntia

141 1074 264 1115 modo
291 1073 531 1127 producunt
556 1071 753 1112 ultimam
780 1070 990 1123 litteram,
1024 1070 1199 1122 excepto
1233 1069 1366 1122 ‘puta’
1401 1071 1442 1110 et
1475 1068 1578 1122 ‘ita’,
1611 1069 1722 1122 apud
1753 1068 1839 1109 En-

141 1145 259 1186 nium
297 1146 340 1184 et
370 1142 603 1183 Pacuvium
641 1141 788 1182 brevia
830 1143 942 1181 sunt.
1002 1139 1101 1180 hinc
1141 1141 1205 1180 est
1245 1139 1356 1193 quod
1396 1140 1527 1181 etiam
1566 1153 1839 1180 numerorum

142 1215 316 1256 nomina
348 1212 668 1254 indeclinabilia
698 1211 1007 1265 producuntur,
1045 1212 1094 1250 ut
1125 1209 1171 1262 <I
1205 1209 1317 1263 269>
1350 1210 1578 1265 triginta
1617 1223 1839 1263 magnos.

143 1301 191 1326 ea
222 1299 322 1326 vero
356 1298 463 1339 quae
497 1282 764 1324 declinantur
795 1281 941 1322 brevia
973 1282 1073 1321 sunt
1105 1280 1334 1320 secundum
1367 1281 1579 1322 rationem
1618 1279 1838 1320 nominum
1869 1287 1909 1317 15

142 1356 187 1396 in
220 1354 275 1396 ‘a'
309 1354 565 1395 exeuntium.
686 1369 831 1393 EFFJJ‘SJ
857 1367 1038 1393 LACRIMIS
1060 1356 1138 1403 pro
1171 1350 1291 1401 effusi
1321 1352 1366 1392 iri
1398 1351 1601 1392 lacrimas.

261 1425 358 1466 652.
408 1435 644 1473 OMNISQVE
671 1434 827 1465 DOMVS
860 1422 985 1463 modo
1013 1421 1241 1475 familiam,
1269 1421 1373 1462 alias
1402 1421 1685 1475 domicilium,
1712 1420 1840 1462 inter-

144 1497 244 1537 dum
275 1510 321 1536 re
354 1509 455 1537 vera
486 1494 670 1535 domum.

262 1566 358 1607 653.
407 1582 583 1612 FATOQVE
614 1581 780 1606 VRGENTJ
803 1561 1063 1619 (INGVMBERE)
1090 1563 1223 1605 simile
1243 1566 1300 1604 cst
1317 1566 1364 1604 ui
1388 1562 1626 1604 ‘currentem
1644 1561 1842 1616 ‘iricitare’,

145 1637 492 1691 epraeeipiiautem
523 1634 750 1688 impellere'.
1867 1640 1911 1670 20

261 1707 358 1749 655.
408 1723 561 1748 RVRsrs
588 1722 631 1747 nv
657 1722 763 1747 ARMA
793 1722 914 1747 FEROR
957 1706 1076 1758 quasi
1118 1705 1294 1757 quodam
1337 1704 1488 1745 doloris
1528 1704 1695 1756 impetu,
1738 1703 1845 1755 quod

135 1783 257 1833 pater
289 1778 454 1820 liberari
484 1791 566 1819 nou
597 1776 867 1829 acquiesceret.
976 1787 1169 1817 MORTEM
1204 1786 1321 1817 OPTO
1355 1776 1507 1816 contra
1537 1774 1723 1814 fatorum
1755 1773 1842 1814 vim

146 1853 188 1891 et
219 1849 372 1891 matris
405 1847 622 1889 auxilium.
652 1862 655 1867 ·

264 1919 361 1961 656.
410 1936 495 1961 ΝΛΜ
523 1935 622 1965 QVOD
654 1934 863 1960 caveamus
895 1918 1014 1970 quasi
1044 1917 1211 1958 vetuerit
1241 1916 1383 1969 reyiua
1414 1916 1553 1956 audito
1586 1914 1844 1966 ‘mortemque

145 1990 399 2032 miserrimus
429 1992 517 2042 opto
526 1987 552 2043 ³,
589 1989 646 2030 sic
676 1989 885 2042 respondet
912 1988 1074 2029 Aeueas
1106 1986 1225 2028 ‘uarii
1256 1987 1363 2039 quod
1392 1986 1605 2028 consilium
1637 1988 1711 2026 aut
1741 1998 1845 2037 quae
1870 1992 1913 2022 25

144 2063 229 2103 iam
258 2060 430 2113 fortuua
461 2058 684 2101 dabatur'?
1187 2056 1189 2058 ’

265 2131 360 2173 657.
410 2142 535 2171 MENE
574 2130 779 2184 probatae
818 2129 993 2184 pietatis
1033 2129 1180 2170 filium.
1248 2142 1350 2169 nam
1388 2127 1642 2181 pronomina
1682 2126 1844 2167 habent

145 2203 230 2244 vim
274 2215 412 2254 suam,
453 2215 776 2254 nonnumquam
818 2203 861 2241 et
902 2199 1144 2254 emphasin,
1188 2201 1235 2240 ut
1276 2198 1527 2239 cantando
1569 2200 1622 2238 tu
1664 2196 1838 2238 illum?

241 2333 261 2364 5
288 2341 372 2364 cum
396 2328 493 2363 inter
519 2356 525 2362 .
555 2357 561 2364 .
591 2356 597 2362 .
624 2326 755 2362 debilis
781 2326 889 2372 vixit]
929 2327 973 2362 cf.
1000 2327 1186 2371 mythogr.
1213 2327 1247 2360 Π
1275 2329 1339 2360 195
1372 2327 1383 2370 Η
1417 2328 1456 2358 11
1490 2323 1784 2369 praepositiones
1811 2334 1842 2357 e.

149 2390 182 2422 q.
210 2377 254 2422 s.]
290 2376 334 2410 cf.
362 2375 472 2410 Prisc.
498 2375 532 2409 H
563 2387 598 2419 p.
627 2377 687 2416 65,
714 2378 758 2408 20
779 2374 824 2408 H.
874 2374 1014 2408 Probus
1047 2374 1091 2407 de
1123 2373 1188 2408 ult.
1222 2373 1301 2417 syll.
1328 2384 1362 2416 p.
1391 2375 1476 2415 252,
1505 2375 1558 2405 14.
1590 2383 1624 2414 p.
1653 2374 1737 2413 254,
1759 2374 1778 2403 2
1799 2369 1843 2403 Κ.

149 2424 296 2459 Servius
317 2423 361 2457 de
381 2422 478 2456 final.
505 2433 540 2466 p.
562 2425 642 2464 454,
663 2425 706 2455 24
719 2433 795 2464 sqq.
816 2421 859 2455 K.
886 2421 1023 2455 Marius
1043 2420 1257 2455 Victorinus
1284 2420 1328 2453 de
1349 2419 1447 2453 final.
1468 2430 1503 2462 p.
1525 2421 1604 2461 238,
1627 2421 1679 2452 19.
1707 2429 1741 2461 p.
1763 2420 1844 2459 239,

151 2476 171 2506 4
190 2471 233 2505 K.
260 2469 456 2505 Cledonius
482 2481 515 2513 p.
544 2472 598 2512 75,
625 2472 668 2502 22
690 2468 731 2501 Κ.
761 2470 773 2513 ΙΙ
804 2471 847 2502 28
876 2467 1074 2513 cantando]
1102 2468 1182 2502 buc.
1210 2468 1259 2501 III
1280 2470 1324 2501 25

246 2593 261 2622 1
289 2587 355 2621 tris
383 2615 390 2621 .
418 2616 424 2622 .
455 2614 461 2620 .
489 2586 723 2631 addiderant]
751 2586 788 2620 et
813 2585 1005 2629 sequentia
1032 2585 1061 2619 O
1089 2586 1101 2629 ΙΙ
1133 2589 1152 2618 2
1181 2596 1268 2619 sane
1295 2583 1339 2618 de
1366 2582 1580 2617 fulminibus
1608 2609 1614 2615 .
1643 2610 1650 2617 .
1679 2610 1685 2615 .
1713 2580 1845 2615 debilis

148 2635 240 2670 vixit
265 2635 306 2669 iri
329 2645 442 2679 maro.
468 2634 613 2677 exempl.
640 2633 758 2667 Basil.
785 2634 931 2676 scripsit
956 2633 1092 2667 Daniel
1111 2633 1122 2676 ΙΙ
1149 2636 1168 2665 6
1197 2631 1409 2676 epularetur
1434 2630 1571 2664 Daniel
1596 2632 1628 2663 et
1652 2629 1845 2672 mytlioqr.:

149 2682 331 2717 exultaret
350 2681 545 2724 Scioppius
564 2681 721 2714 enotavit
739 2680 751 2724 ΙΙ
771 2684 790 2714 8
817 2691 899 2714 cum
927 2690 1010 2714 eum
1037 2679 1192 2713 Dariiel:
1218 2690 1302 2712 eum
1329 2690 1413 2712 cum
1439 2676 1633 2720 Scioppius
1651 2676 1662 2719 ΙΙ
1682 2674 1845 2709 interimi

148 2728 302 2763 vidisset
326 2729 463 2763 Daniel
493 2728 504 2772 ΙΙ
542 2731 561 2761 9
590 2727 730 2761 fulmen
756 2726 912 2761 detorsit
936 2727 1074 2760 Dariicl
1100 2730 1132 2760 et
1156 2726 1329 2770 mytlioqr.
1356 2725 1494 2759 fulmen
1521 2734 1586 2757 om.
1614 2723 1809 2765 »Scioppius

153 2780 192 2810 11
214 2777 262 2810 ad
280 2787 312 2810 v.
334 2779 399 2810 651
429 2773 543 2808 Effusi
563 2773 741 2818 lacrimis]
769 2785 835 2817 pro
857 2773 961 2807 effusi
987 2773 1024 2807 in
1050 2773 1233 2807 lacrimas.
1257 2773 1293 2805 P
1309 2774 1321 2816 ΙΙ
1342 2776 1383 2806 12
1406 2773 1442 2805 et
1461 2771 1514 2804 ita
1540 2781 1604 2804 om.
1627 2769 1669 2802 II
1691 2770 1845 2811 excepto

149 2824 240 2868 puta
266 2824 303 2857 et
326 2822 380 2857 ita
406 2822 492 2865 quia
516 2822 622 2864 vulqo
650 2821 804 2864 excepto
828 2821 919 2864 puta
945 2822 983 2855 et
1007 2820 1061 2854 ita
1086 2831 1180 2864 quae
1208 2819 1391 2853 Valzleuus
1411 2818 1509 2851 Eun.
1529 2828 1623 2860 poes.
1644 2816 1703 2849 rel.
1722 2826 1760 2857 p.
1780 2818 1845 2847 180

149 2871 301 2912 fortasse
327 2871 479 2912 excepto
505 2867 559 2902 ita
585 2870 622 2901 et
647 2867 744 2910 quia.
778 2868 822 2909 cf.
844 2867 942 2901 Serv.
963 2868 1004 2901 cle
1023 2868 1085 2910 firi.
1102 2878 1140 2910 p.
1162 2870 1241 2908 454,
1263 2870 1307 2899 24
1322 2866 1368 2899 K.
1391 2869 1421 2899 et
1445 2864 1561 2897 Prisc.
1584 2863 1613 2895 11
1636 2866 1691 2904 (35,
1712 2867 1756 2895 20
1773 2861 1820 2895 Il.

153 2921 197 2950 14
222 2915 489 2961 producuntur]
517 2925 539 2958 a,
564 2914 816 2958 producuntur
843 2914 891 2947 M
924 2925 946 2948 a
971 2913 1180 2958 producunt
1205 2913 1261 2946 EI
1280 2914 1291 2957 ΙΙ
1311 2923 1464 2955 magnos
1485 2910 1527 2944 H
1532 2924 1541 2942 .·
1568 2920 1632 2942 om.
1655 2909 1705 2950 L,
1732 2919 1846 2942 annos

154 2964 221 2998 Ml
259 2973 413 3007 magnos
440 2973 553 2997 annos
572 2961 611 2995 Ε
628 2961 640 3005 ΙΙ
661 2964 702 2994 15
727 2960 926 3006 rationem]
953 2960 1240 2995 declinationem
1262 2960 1300 2992 E
1317 2960 1328 3002 ΙΙ
1352 2963 1391 2992 17
1412 2956 1556 2991 familia
1575 2956 1680 2999 vul-qo
1699 2956 1711 2999 ΙΙ
1730 2955 1846 2989 domi-

152 3033 294 3078 cilium]
333 3033 430 3076 quod
469 3032 516 3067 ad
551 3034 696 3076 tempus
736 3030 893 3065 sumitur
924 3031 1008 3066 aad.
1041 3032 1074 3065 L
1117 3030 1282 3075 superior
1313 3040 1397 3072 pars
1430 3028 1558 3061 domus
1589 3036 1764 3069 superser.
1792 3026 1804 3059 l
1835 3026 1844 3070 s

153 3083 197 3113 24
222 3080 396 3126 vetuerit]
424 3091 474 3114 au,
498 3079 683 3114 renuerit?
709 3080 720 3123 ΙΙ
749 3082 792 3112 25
820 3078 1016 3122 respondet
1040 3079 1188 3122 scripsi:
1214 3075 1453 3120 responderet
1480 3074 1509 3108 G
1531 3074 1542 3117 ΙΙ
1569 3077 1612 3107 28
1639 3072 1714 3107 vim
1740 3083 1842 3107 suam

153 3136 218 3161 om.
247 3126 340 3160 ME
361 3128 374 3171 ΙΙ
405 3127 442 3161 et
466 3138 531 3162 om.
558 3126 663 3161 MEz
687 3126 699 3170 ΙΙ
729 3125 871 3161 enfasin
896 3125 982 3159 HE
1018 3124 1174 3160 emfasin
1201 3124 1248 3157 M
