2204 3437
832 164 1117 201 PRAEFATIO.
1702 162 1815 196 LXIX

126 281 257 321 fuisse
289 278 405 320 Beda
438 278 562 319 testis
596 279 676 330 est,
710 276 782 330 qui
808 275 851 315 in
877 273 1025 314 libello
1048 271 1098 313 de
1120 271 1278 312 sanctis
1312 271 1416 312 locis
1438 269 1498 326 (ΙΙ
1519 286 1556 324 p.
1579 271 1663 311 442
1680 269 1815 325 Giles)

128 349 393 404 Arculphum
428 348 665 389 Galliarum
705 345 948 400 episcopum
988 343 1141 383 itinere
1173 341 1217 382 in
1250 341 1426 382 orientis
1465 340 1662 394 regiones
1703 340 1816 382 facto

134 420 405 475 tempestatis
438 420 479 460 vi
511 419 562 460 ad
595 416 863 458 Britanniam
904 413 1092 455 delatum
1126 412 1268 467 ibique
1306 411 1605 452 Adamnanum
1644 412 1827 464 presby-⁷

126 494 263 533 terum
298 506 406 545 quae
440 490 617 532 vidisset
649 487 842 529 docuisse
874 486 1032 526 narrat.
1089 483 1194 524 adde
1223 483 1334 537 quod
1363 498 1412 524 ea
1445 484 1584 523 aetate
1617 497 1700 536 qua
1731 482 1819 535 ple-

126 562 289 603 niorem
334 559 686 603 commentarium
729 559 870 598 ortum
913 569 1004 596 esse
1045 554 1205 596 conieci
1248 554 1290 594 in
1332 553 1451 595 nulla
1491 553 1579 593 fere
1621 552 1818 605 Europae

127 636 247 687 parte
287 632 560 687 antiquarum
601 630 843 670 litterarum
885 626 1026 667 studia
1065 625 1358 667 vehementius
1401 623 1652 665 colebantur
1691 638 1819 676 quam

127 704 172 744 in
204 702 449 757 Britannia,
488 716 569 756 quo
609 699 790 753 septimo
824 697 1008 738 maxime
1041 695 1211 738 saeculo
1246 698 1287 736 et
1321 695 1593 736 doctissimos
1625 693 1819 734 homines

128 789 152 815 a
189 774 395 815 Romanis
434 771 645 827 episeopis
685 770 837 811 missos
878 771 920 809 et
958 768 1177 821 ingentem
1215 766 1423 807 librorum
1460 779 1683 805 numerum
1723 779 1819 805 con-

128 846 295 898 gestum
332 857 424 884 esse
457 844 636 884 constat.
689 838 758 895 (cf.
798 839 914 881 Beda
953 839 1042 880 vita
1080 837 1302 879 Benedicti
1344 836 1513 877 abbatis
1552 835 1613 876 IV
1652 850 1690 889 p.
1723 834 1820 888 364,

129 916 232 965 366,
265 915 367 968 378,
401 915 485 956 386
520 912 650 954 Giles.
706 910 840 952 Ebert
872 910 1087 951 Literatur
1126 908 1199 949 des
1232 908 1510 949 Mittelalters
1550 906 1608 946 im
1651 905 1819 946 Abend-

127 984 268 1026 landI
288 1000 327 1039 p.
350 985 435 1026 585
459 987 501 1025 et
521 984 633 1032 601).
690 983 867 1037 denique
901 982 934 1022 si
968 980 1094 1022 modo
1127 979 1330 1033 plenioris
1364 977 1661 1019 commentarii
1682 991 1820 1018 exem-

128 1057 222 1110 plar
254 1055 361 1096 illud
395 1055 670 1109 archetypum
704 1066 883 1107 peregre
921 1052 966 1092 in
997 1050 1030 1091 F
1034 1051 1222 1092 ranciam
1262 1050 1537 1104 adportatum
1577 1063 1669 1089 esse
1708 1050 1820 1088 recte

128 1127 368 1181 suspicatus
402 1141 515 1180 sum,
555 1124 668 1180 quod
707 1125 841 1166 altera
880 1137 1012 1177 eaque
1050 1122 1189 1163 maior
1222 1122 1310 1162 eius
1349 1135 1447 1174 pars
1487 1119 1618 1160 etiam
1658 1119 1820 1159 decimo

129 1197 297 1239 saeculo
339 1196 449 1251 apud
495 1196 764 1237 Turonenses
806 1194 904 1248 fuit,
946 1193 1082 1235 altera
1125 1192 1177 1233 ad
1222 1191 1454 1233 Fuldenses
1497 1190 1638 1231 delata
1680 1190 1821 1243 ibique

129 1268 343 1322 descripta
376 1270 458 1320 est,
490 1267 583 1308 fieri
616 1267 686 1307 vix
719 1267 863 1320 potest
903 1264 1005 1319 quin
1040 1279 1088 1305 ea
1125 1277 1192 1304 res
1233 1262 1420 1311 Alcuini,
1452 1260 1710 1301 Turonensis
1751 1260 1822 1301 ab·

128 1338 259 1393 batis,
293 1340 335 1379 et
365 1337 565 1379 Rhabani
596 1336 754 1390 Mauri,
793 1335 864 1390 qui
898 1349 1009 1376 nono
1044 1334 1213 1375 saeculo
1253 1333 1425 1374 ineunte
1465 1332 1555 1372 eius
1595 1330 1823 1384 disciplina

130 1425 231 1450 usus
265 1411 346 1463 est,
378 1409 628 1450 memoriam
662 1407 825 1448 afferat.
882 1405 1111 1446 Alcuinum
1152 1406 1296 1446 autem
1333 1418 1446 1445 nono
1485 1401 1626 1444 octavi
1664 1390 1822 1442 saeculi

129 1480 332 1522 decennio
377 1479 536 1520 diutius
581 1479 624 1519 in
670 1478 812 1532 patria
857 1479 1071 1518 moratum
1117 1490 1208 1516 esse
1252 1477 1403 1516 notum
1442 1476 1517 1515 est.
1579 1473 1684 1513 haec
1724 1475 1823 1513 sunt

128 1551 282 1605 quibus
322 1550 506 1591 adducor
533 1552 580 1591 ut
621 1549 666 1590 in
697 1548 922 1590 Britannia
953 1547 1187 1601 pleniorem
1222 1545 1575 1587 commentarium
1615 1543 1822 1597 composi-

128 1623 219 1663 tum
252 1636 343 1663 esse
376 1621 594 1662 coniciam.

249 1798 459 1848 Quoniam
500 1798 676 1852 exposui
715 1813 798 1852 qua
837 1797 1003 1838 ratione
1044 1794 1298 1837 Danielinus
1339 1792 1669 1835 commentarius
1709 1806 1822 1833 com-

132 1870 297 1923 positus
331 1870 388 1911 sit
421 1872 462 1910 et
501 1884 608 1923 quae
641 1859 837 1909 'subsidia
875 1868 926 1909 ad
965 1881 1057 1908 eam
1096 1881 1185 1907 rem
1224 1865 1451 1906 videantur
1489 1863 1683 1905 adhibita
1721 1877 1823 1915 esse,

131 1941 322 1995 sequitur
358 1943 405 1981 ut
436 1940 487 1981 de
520 1940 655 1994 ipsius
690 1939 827 1981 Servii
859 1939 985 1980 rebus
1019 1940 1061 1979 et
1093 1938 1143 1978 de
1175 1937 1296 1978 libris
1318 1936 1470 1990 quibus
1493 1934 1686 1976 Serviani
1715 1948 1823 1975 com-

130 2012 332 2054 mentarii
363 2011 570 2054 memoria
601 2014 841 2066 propagata
874 2013 938 2052 est
969 2009 1098 2063 paulo
1133 2007 1371 2049 accuratius
1405 2006 1623 2048 disseram.
1835 2002 2017 2066 Πξζῇήῖξὶξῇζ

248 2083 390 2137 Atque
423 2085 470 2123 ut
500 2083 687 2136 primum
719 2096 972 2137 quaeramus
1009 2079 1184 2121 nomina
1224 2092 1330 2132 quae
1370 2077 1652 2131 grammatico
1690 2075 1821 2116 tribui
1838 2076 2025 2141 ᾒῇζζᾟνῶῐιῖζ

131 2154 273 2195 solent
315 2168 442 2207 quam
481 2153 782 2194 auctoritatem
821 2151 1030 2205 habeant,
1073 2150 1126 2191 ab
1173 2148 1424 2203 aequalibus
1468 2147 1714 2188 hominibus
1753 2146 1824 2186 ille

130 2225 298 2267 videtur
330 2224 585 2279 simpliciter
620 2223 793 2266 Servius
834 2225 1010 2264 vocatus
1051 2235 1160 2262 esse:
1199 2219 1442 2261 Macrobius
1482 2219 1593 2259 enim
1628 2217 1715 2259 Sat.
1746 2216 1766 2257 I
1799 2220 1823 2257 2

134 2297 186 2337 15
219 2310 301 2349 quo
334 2296 428 2337 loco
462 2309 534 2336 eos
568 2309 673 2348 quos
707 2294 905 2335 Vettium
926 2292 1251 2333 Praetextatum
1279 2290 1525 2331 convenisse
1550 2290 1689 2343 fingit,
1715 2303 1825 2329 com-

131 2369 360 2420 memorat,
393 2369 519 2420 atque
552 2365 614 2407 ita
647 2364 817 2419 quidem
850 2366 899 2405 ut
924 2363 1174 2404 nominibus
1204 2361 1331 2402 addat
1359 2361 1632 2415 cognomina,
1664 2359 1735 2401 laos
1765 2359 1825 2399 in-

133 2437 226 2491 quit
257 2436 423 2479 Servius
457 2438 558 2478 inter
593 2436 885 2490 gsrammate'cos
922 2435 1120 2476 doctorem
1157 2446 1290 2474 recens
1319 2432 1547 2485 professus,
1588 2432 1702 2471 iuxta
1740 2431 1824 2471 doc-

132 2509 245 2549 trina
276 2507 481 2549 mirabilis
511 2511 548 2548 et
578 2507 771 2548 amabilis
802 2505 1060 2557 verecundia,
1102 2508 1254 2545 tems-am
1286 2505 1447 2544 ¹e'ntuens
1484 2506 1520 2543 et
1549 2502 1655 2543 velut
1686 2502 1826 2542 latenti

130 2579 281 2620 similis
299 2578 546 2631 sequebatur.
597 2576 788 2618 Mediceo
805 2578 944 2617 autem
973 2578 1016 2616 et
1036 2574 1231 2615 Leidensi
1251 2574 1464 2615 Iuvenalis
1486 2572 1699 2613 codicibus
1720 2571 1825 2611 haec

135 2649 377 2703 subscripta
410 2651 509 2690 sunt
540 2649 640 2702 Leyi
677 2662 744 2701 690
776 2647 928 2688 Nieeus
964 2646 1120 2687 Romae
1156 2646 1269 2697 612)ch
1297 2643 1486 2686 Servium
1518 2644 1760 2696 maye'strmn
1791 2645 1827 2682 ec

131 2719 394 2775 emendavi.¹)
453 2720 504 2761 cf.
541 2718 717 2761 Iahnius
749 2717 879 2772 praef.
912 2717 1010 2758 edit.
1043 2716 1144 2757 min.
1175 2731 1214 2770 p.
1249 2716 1285 2756 7.
1342 2715 1445 2756 item
1478 2713 1718 2754 Priscianus
1753 2712 1823 2765 qui

134 2860 167 2895 ei
193 2860 245 2894 rei
271 2870 343 2894 non
369 2859 526 2894 multum
552 2858 693 2894 tribuo:
720 2869 806 2893 nam
831 2868 906 2892 non
931 2856 1206 2891 Britanniarum
1232 2856 1377 2890 tantum
1404 2854 1467 2889 sed
1489 2852 1649 2895 Galliae,
1678 2852 1824 2885 (jerma—

134 2914 234 2957 niae,
261 2913 472 2956 Helvetiae,
499 2912 632 2947 Italiae
660 2909 886 2945 monasteria
911 2921 932 2944 a
959 2909 1114 2945 Scoticis
1147 2908 1338 2944 monachis
1364 2907 1597 2950 frequentata
1629 2916 1707 2939 esse
1742 2915 1825 2938 con*

135 2967 221 3001 stat.
267 2967 427 3000 ceterum
463 2965 501 2999 in
532 2962 759 2999 Floriacensi
786 2972 931 3007 quoque
965 2962 1031 2996 sub
1070 2962 1192 2997 verbis
1232 2960 1453 3006 quibusdam
1489 2970 1583 3002 quac
1620 2969 1661 2991 ex
1699 2956 1824 2991 latinis

136 3019 310 3063 corrupta
336 3018 505 3052 videntur
530 3017 685 3052 fortasse
711 3015 823 3050 iricae
849 3015 994 3060 glossae
1022 3016 1150 3050 latent.
1203 3016 1246 3049 ef.
1274 3026 1308 3058 p.
1337 3016 1415 3055 387,
1443 3016 1486 3046 ‘25
1514 3014 1545 3045 et
1565 3021 1655 3055 pepe
1682 3013 1760 3051 404,
1785 3013 1825 3042 10

136 3072 327 3117 byopcator,
353 3083 389 3115 p.
417 3074 495 3113 550,
522 3074 565 3105 22
593 3070 691 3104 iures
717 3073 764 3111 et,
790 3081 825 3114 p.
854 3073 933 3112 563,
962 3073 1003 3102 17
1037 3069 1139 3103 detri.
1288 3068 1320 3109 1)
1348 3064 1517 3109 magistri
1543 3063 1673 3098 titulus
1701 3063 1826 3098 Servio

135 3123 310 3158 tribuitur
337 3124 388 3158 eis
414 3134 508 3167 quae
534 3124 572 3157 in
598 3121 763 3157 Parisino
797 3125 887 3157 7530
914 3123 1022 3165 (saco.
1049 3121 1149 3165 VIII)
1177 3117 1442 3154 commentario
1468 3117 1506 3151 in
1532 3116 1717 3151 Donatum
1744 3115 1825 3150 sub-
