2204 3437
427 185 512 226 590
1191 176 1350 214 SERVII

549 293 613 334 12.
662 304 761 334 IPSE
795 301 1110 333 GVBERNATOR
1142 285 1390 344 ἐμφατικῶς
1419 284 1491 326 hoc
1521 286 1588 338 est,
1621 282 1692 337 qui
1725 282 1871 324 debuit
1897 296 1988 323 esse
2015 280 2123 322 sola-

428 365 504 406 cio.
624 375 755 405 Pvi’PI
786 374 844 403 AB
876 373 999 402 ALTA
1032 360 1234 403 subaudis
1268 358 1394 399 ‘haec
1427 354 1520 398 ait'.
1569 352 1572 355 ’

549 435 613 476 13.
664 444 876 484 QVIANAM
908 433 954 474 ‘id
982 436 1040 474 est
1070 446 1154 473 cur.
1217 433 1259 471 et
1290 432 1356 470 est
1388 425 1696 480 interrogantis
1735 423 2001 477 adverbium,
2039 436 2122 477 quo

428 521 530 548 usus
564 508 629 547 est
659 505 740 558 bis,
771 503 840 545 hic
873 506 915 545 et
947 503 993 544 in
1025 503 1188 544 decimo
1221 500 1305 554 (6)
1345 497 1628 541 caelicolae
1666 495 1851 551 magni,
1890 494 2123 548 quianam

383 587 402 617 5
429 576 691 618 sententia
722 575 866 616 vobis
899 588 1048 616 versa
1078 572 1248 614 retro?
1375 587 1491 613 NJMBI
1511 582 1590 622 pro
1610 566 1754 608 'nubes

548 657 813 689 COLLIGERE
846 657 974 686 ARMA
1006 655 1144 686 IVBET
1176 643 1272 684 vela
1297 640 1562 693 contrahere,
1586 652 1673 680 non
1698 636 1870 692 penitus
1898 636 2126 689 deponere:

428 735 530 761 nam
562 718 664 760 dicit
697 717 995 772 ‘obliquatque
1028 715 1146 756 sinus
1179 714 1223 756 in
1256 710 1458 754 ventum'.

552 791 615 832 16.
673 804 940 835 OBLIQVATQVE
963 803 1078 829 snvrs
1102 803 1146 828 nv
1176 801 1333 828 mmm!
1366 786 1506 825 contra
1549 795 1638 822 eam
1678 782 1853 833 partem,
1898 791 1980 831 qua
2022 776 2129 818 venti

429 863 597 915 flabant.
659 864 695 901 et
725 860 924 913 eleyanter
947 872 1024 911 per
1055 860 1181 899 totum
1208 856 1517 910 yubernatorem
1548 852 1721 894 ostendit
1750 854 1844 892 ante
1868 850 2007 891 omnia
2033 851 2126 889 tem-

362 942 404 973 10
423 937 555 987 ptam,
586 945 710 985 quam
735 931 791 972 ad
821 929 1106 982 consessionem
1138 927 1356 970 descendat.

556 1005 618 1045 17.
674 1018 910 1044 11101ιωί1111
935 1017 1063 1042 AENEA
1094 999 1324 1051 fortissime.
1387 999 1422 1037 et
1445 998 1504 1037 est
1527 993 1725 1048 epitheton
1744 995 1950 1046 sumptum
1969 1004 2017 1032 ex
2037 994 2129 1032 tem-

425 1089 539 1129 pore,
571 1075 641 1116 hoc
672 1077 729 1115 est
758 1073 828 1126 qui
859 1085 942 1113 ozon
973 1070 1267 1112 eonsterazaris:
1304 1069 1361 1110 sic
1398 1068 1444 1108 in
1475 1068 1618 1120 quarto
1649 1064 1719 1106 ubi
1748 1064 1916 1117 otuptz'as
1945 1062 2131 1115 facturus

433 1150 500 1200 cst,
531 1147 593 1186 ait
623 1145 763 1198 <141>
795 1144 898 1196 ipse
928 1145 1041 1183 ante
1077 1142 1202 1182 alios
1224 1138 1592 1194 pulcherrimus
1622 1148 1795 1177 omnes.
1915 1143 2129 1175 IVPPITER

434 1228 617 1259 AVCTOR
651 1219 724 1257 aut
754 1217 929 1256 nostrae
960 1211 1271 1268 navigationis3
1310 1212 1384 1251 aut
1423 1207 1652 1250 secundum
1689 1220 1813 1247 usum
1844 1205 2012 1246 locutus
2045 1206 2129 1245 est:

367 1300 408 1330 15
434 1303 512 1330 nec
545 1288 582 1329 si
612 1287 737 1328 huius
776 1285 838 1326 rei
880 1288 1100 1326 auctorem
1142 1298 1185 1324 se
1226 1282 1423 1336 Iuppiter
1459 1279 1602 1321 faciat.
1665 1280 1707 1319 et
1744 1277 1869 1318 multi
1908 1278 2130 1330 quaerunt,

436 1358 647 1414 quomodo
682 1357 853 1398 tauctor
883 1354 1112 1410 Iuppiter-²,
1146 1368 1240 1395 cum
1266 1351 1462 1406 Apollini
1494 1350 1608 1391 dicat
1639 1347 1729 1402 <VI
1750 1348 1833 1401 59>
1866 1350 1944 1388 tot
1975 1345 2133 1387 maria
2171 1363 2173 1365 ¹

436 1429 632 1472 intravi
677 1429 798 1469 du-ce
836 1426 915 1469 te‘?
961 1426 1033 1467 sed
1064 1426 1248 1480 legimus
1281 1423 1372 1477 <III
1405 1422 1518 1475 251>
1564 1434 1690 1475 quae
1734 1419 1941 1460 Phoebo
1985 1420 2133 1472 pater
2190 1464 2192 1466 ¹

437 1503 780 1555 omnipotens:
838 1501 880 1539 et
931 1497 1173 1552 specialiter
1221 1493 1514 1550 navigationis
1565 1507 1616 1533 ex
1671 1490 1820 1532 Africa
1871 1491 2018 1531 auctor
2069 1489 2134 1529 est

437 1573 644 1627 Iuppiter.

368 1656 411 1686 20
561 1644 625 1685 18.
674 1653 767 1684 Hoc
800 1651 951 1682 CAELO
985 1639 1031 1680 id
1059 1640 1115 1679 est
1147 1639 1262 1691 aere,
1294 1635 1351 1689 ‚in
1381 1634 1474 1676 hoc
1507 1633 1648 1675 caelo
1688 1632 1771 1688 qui
1809 1631 2000 1673 dicitur
2033 1631 2135 1671 aer:

439 1717 498 1758 sic
530 1714 753 1756 Lucretius
786 1710 875 1766 <IV
912 1710 1022 1763 134>
1054 1708 1212 1763 posuit,

561 1786 625 1827 19.
675 1795 851 1826 MVTATI
883 1790 1179 1822 TRANSVERSA
1211 1789 1433 1819 FREMVNT
1465 1777 1510 1818 id
1538 1780 1596 1818 est
1619 1776 1719 1817 hinc
1745 1777 1872 1829 atque
1897 1773 2008 1824 hinc,
2033 1772 2140 1826 quod

439 1862 496 1901 est
519 1871 567 1900 ex
594 1861 841 1899 transverso:
876 1853 1006 1896 Varro
1033 1853 1079 1893 de
1105 1864 1178 1892 ora
1202 1850 1416 1891 maritima
1441 1848 1576 1890 nihil
1607 1848 1731 1889 enim
1756 1845 1902 1897 venti,
1934 1848 1986 1886 ut
2009 1844 2138 1886 docti

440 1931 690 1982 dixerunt,
727 1927 829 1968 wisi
859 1928 942 1967 ac‘v
978 1923 1161 1965 multus
1198 1921 1369 1974 fluens
1407 1923 1731 1961 transversus.
1794 1919 1859 1958 est
1891 1918 2033 1957 autem
2067 1914 2138 1956 ad-

370 2012 413 2042 25
441 2001 635 2043 verbium
672 1999 834 2040 factum
878 1997 926 2038 de
970 1995 1159 2048 nomine,
1202 1995 1250 2034 ut
1288 1991 1376 2045 <IX
1412 1992 1521 2046 122>
1566 1991 1844 2032 cunctatur
1888 1990 1935 2028 et
1977 1986 2136 2027 amnis

536 2182 581 2212 20
610 2174 753 2211 ‘Caelo’
783 2184 868 2208 aere
896 2200 902 2206 .
931 2200 938 2206 .
968 2201 974 2207 .
1001 2170 1140 2216 posuit]
1169 2169 1212 2205 cf.
1241 2168 1323 2204 Isid.
1352 2179 1402 2203 or.
1428 2167 1515 2202 XIII
1541 2171 1574 2210 4,
1601 2170 1632 2200 3.
1672 2164 1746 2199 diff.
1773 2163 1872 2198 verb.
1901 2165 1943 2198 82
1973 2163 1985 2207 ΙΙ
2013 2165 2059 2196 24
2084 2161 2140 2196 est

443 2228 567 2261 autem
593 2222 811 2259 adverbium
837 2232 862 2256 e.
891 2232 922 2264 q.
950 2218 994 2264 s.]
1023 2218 1068 2253 cf.
1094 2216 1264 2262 Pompeii
1289 2227 1419 2251 comm.
1446 2227 1482 2260 p.
1512 2219 1588 2258 136,
1615 2217 1659 2247 36
1687 2224 1763 2256 sqq.
1790 2211 1832 2245 K.

541 2396 558 2425 1
587 2391 634 2425 ad
659 2390 738 2434 ipse
765 2387 990 2433 gubernator
1015 2395 1114 2428 supr.
1141 2393 1228 2417 vers.
1255 2382 1319 2426 qui
1344 2382 1522 2416 debuerat
1547 2390 1626 2414 esse
1656 2377 1793 2413 solacio
1820 2377 1858 2411 et
1882 2376 1936 2410 est
1961 2373 2139 2409 enfaticos

445 2439 583 2474 dictum
603 2438 634 2471 T
651 2439 662 2481 ss
682 2436 864 2471 enfaticns
879 2434 917 2468 F
933 2435 945 2477 ΙΙ
965 2431 1103 2467 solacio
1118 2441 1214 2465 unus
1230 2429 1258 2464 O
1274 2431 1286 2475 ΙΙ
1305 2434 1326 2463 4
1345 2429 1422 2474 1110]
1445 2431 1482 2462 et
1501 2427 1559 2462 1110
1574 2427 1669 2460 ΗΜ
1687 2427 1699 2470 ΙΙ
1719 2430 1738 2459 5
1759 2423 1864 2459 vobis
1890 2433 1997 2457 versa
2021 2421 2135 2467 retro]

446 2488 502 2521 est
527 2488 564 2520 et
589 2485 733 2527 reliqua
759 2482 798 2517 F
813 2483 825 2526 11
846 2482 892 2516 ad
918 2480 1035 2514 nimbi
1061 2490 1160 2522 supr.
1188 2489 1274 2512 vers.
1301 2477 1417 2510 nubes
1447 2475 1478 2508 T
1495 2477 1506 2519 ΙΙ
1527 2479 1545 2509 7
1573 2475 1621 2508 ad
1647 2472 1886 2516 obliquatque
1912 2469 2012 2504 sinus
2038 2480 2136 2513 supr.

445 2546 532 2567 vers.
561 2534 688 2566 contra
714 2541 793 2565 eam
819 2530 964 2574 partem
991 2538 1063 2570 qua
1088 2525 1191 2559 uenti
1217 2524 1358 2558 flabant
1383 2524 1420 2558 et
1446 2522 1636 2565 obliquare
1663 2519 1763 2554 sinus
1795 2519 1833 2553 in
1858 2518 1988 2552 ventos
2013 2516 2136 2550 dicun-

446 2584 506 2615 tur
533 2591 598 2614 nec
625 2589 751 2613 omnes
785 2577 893 2611 flatus
927 2575 1095 2618 excipere
1127 2584 1194 2606 1100
1226 2582 1351 2606 omnes
1384 2569 1569 2605 effundere
1594 2572 1625 2602 et
1651 2568 1695 2601 ab
1722 2567 1799 2601 alia
1824 2576 1935 2600 manu
1961 2565 2001 2598 in
2027 2574 2138 2607 mary.

449 2628 615 2671 obliquat
642 2624 828 2660 contrahit
853 2623 1079 2665 contorquet.
1129 2618 1265 2664 partim
1292 2617 1474 2653 contraxit
1498 2616 1623 2650 uelum
1660 2613 1798 2659 partim
1824 2611 1965 2646 dimisit
1989 2610 2027 2644 in
2051 2620 2138 2644 uen-

448 2678 527 2710 tum
553 2675 590 2708 id
618 2677 673 2707 cst
697 2672 831 2717 partim
859 2670 992 2704 clausit
1016 2667 1152 2712 partim
1179 2666 1326 2710 aperuit
1355 2665 1394 2699 T.
1423 2666 1474 2704 (et
1499 2663 1690 2706 obliquare
1711 2689 1718 2695 .
1734 2690 1741 2696 .
1759 2688 1766 2695 .
1787 2659 1971 2695 effundere
2000 2657 2140 2692 Tiberii

450 2722 591 2756 Donati
609 2724 707 2763 sunt)
728 2720 739 2763 Η
758 2722 778 2752 S
803 2718 905 2752 flenti
926 2717 964 2750 F
981 2718 991 2761 ΙΙ
1011 2720 1031 2750 9
1053 2714 1234 2759 eliganter
1256 2713 1294 2746 F
1309 2713 1321 2756 ΙΙ
1340 2724 1406 2756 per
1431 2710 1567 2755 totum]
1595 2711 1678 2753 fort.
1704 2707 1864 2753 peritum
1883 2708 1895 2751 ΙΙ
1917 2709 1958 2740 10
1984 2704 2031 2739 ad
2056 2715 2139 2738 con-

448 2769 608 2803 fessione
635 2766 825 2801 discendat
851 2764 898 2805 κ’,
924 2775 1013 2798 corr.
1036 2762 1171 2796 Daniel
1190 2762 1201 2804 Η
1223 2765 1263 2793 11
1293 2761 1340 2794 ad
1365 2757 1600 2803 magnanime
1626 2758 1752 2790 Aenea
1776 2765 1875 2798 supr.
1901 2763 1988 2787 vers.
2016 2751 2139 2786 fortis-

452 2817 541 2850 sime
568 2816 630 2859 qui
656 2825 729 2848 non
755 2811 1000 2847 consternatis
1026 2810 1061 2843 id
1089 2810 1145 2843 est
1169 2819 1242 2841 non
1270 2807 1427 2841 moneris
1454 2806 1501 2840 ad
1527 2803 1740 2849 periculum.
1793 2805 1830 2836 et
1861 2802 1917 2835 est
1949 2799 2140 2844 epitheton

451 2865 637 2907 sumptum
665 2873 708 2895 ex
732 2863 898 2904 tempore
930 2858 960 2891 Τ
976 2860 986 2902 Η
1007 2857 1171 2901 epiteton
1198 2854 1236 2888 F
1253 2856 1263 2899 Η
1285 2859 1326 2887 13
1353 2853 1422 2898 ait]
1451 2855 1515 2887 aut
1541 2852 1579 2885 F
1595 2853 1607 2896 ΙΙ
1628 2855 1669 2885 15
1697 2849 1743 2895 si]
1771 2848 1823 2883 sic
1849 2848 1906 2891 ΟΙΙ
1937 2850 1978 2881 18
2005 2845 2058 2891 et]
2086 2847 2142 2879 set

451 2922 548 2945 nunc
576 2909 614 2943 F
655 2908 718 2942 sed
744 2918 839 2941 nunc
868 2906 897 2939 C
923 2908 934 2948 ΙΙ
964 2902 1226 2947 nauigantibus
1255 2901 1294 2935 F
1321 2902 1333 2945 ΙΙ
1364 2905 1406 2934 22
1434 2901 1482 2934 ad
1507 2902 1717 2933 transversa
1741 2896 1902 2930 fremunt
1925 2904 2026 2937 supr.
2053 2903 2139 2927 vers.

454 2957 670 2991 aduerbinm
696 2956 751 2989 est
778 2955 914 2988 factum
942 2953 986 2986 de
1013 2951 1161 2986 nomine
1187 2948 1292 2992 quasi
1317 2952 1523 2982 transverse
1551 2946 1684 2980 sonant
1703 2947 1734 2978 et
1759 2943 1806 2977 ad
1825 2952 1975 2985 vespere
1996 2940 2042 2974 ab
2062 2941 2140 2974 atro

452 3016 551 3048 supr.
581 3015 664 3037 cers.
694 3002 739 3036 ab
767 3001 956 3035 occidente
982 2997 1140 3033 nubibus
1167 2995 1316 3030 confuso
1350 2995 1434 3039 quia
1462 2993 1523 3028 ubi
1555 2993 1632 3026 dies
1665 2993 1720 3026 est
1751 2989 1920 3024 occidens
1946 2989 2028 3021 atra
2052 2985 2143 3020 facit

454 3051 577 3086 omnia
610 3061 675 3094 per
705 3051 850 3083 noctem
879 3048 961 3081 ideo
988 3045 1079 3080 dicit
1104 3046 1185 3078 atro
1210 3053 1373 3086 uespere.
1425 3044 1462 3075 ct
1486 3042 1617 3074 uentus
1644 3037 1736 3072 nihil
1763 3039 1818 3071 est
1843 3035 1943 3070 aliud
1968 3037 2010 3068 ut
2034 3033 2142 3067 multi

454 3099 624 3132 dixerunt
653 3096 725 3130 11131
757 3108 818 3130 aer
843 3095 979 3128 multus
1005 3093 1120 3126 fluens
1151 3090 1183 3123 Τ
1214 3091 1225 3135 ΙΙ
1263 3094 1306 3123 23
1333 3089 1450 3124 Varro
1478 3117 1483 3123 .
1512 3117 1519 3123 .
1547 3114 1553 3120 .
1581 3088 1807 3120 transversus
1832 3083 1912 3117 hab.
1940 3081 2105 3116 Ambros.
2130 3083 2133 3125 1

455 3145 533 3189 ora]
561 3156 624 3179 osa
650 3143 689 3177 F
704 3145 716 3187 11
737 3145 864 3177 ventus
890 3142 1053 3175 Ambros.
1073 3140 1085 3183 ΙΙ
1104 3142 1148 3173 ‘24
1173 3138 1256 3180 fort.
1284 3138 1533 3171 transversum
1552 3136 1564 3178 ΙΙ
1583 3137 1626 3168 25
1653 3131 1708 3177 ut]
1736 3133 1776 3165 ut
1802 3132 1838 3165 et
1864 3129 1939 3164 FC
