2204 3437
336 920 377 950 10

338 1276 377 1305 15

338 1631 382 1661 20

399 165 484 206 640
1163 163 1320 198 SERVII

517 273 614 315 640.
664 284 782 314 DEVS
816 284 912 314 IPSE
946 274 1094 326 maris,
1124 272 1184 314 vel
1217 272 1334 314 cuius
1367 273 1466 313 sunt
1494 285 1638 313 naves.

517 344 613 385 641.
666 355 899 386 INFENSVM
932 354 1078 385 IGNEM
1110 344 1155 384 id
1184 346 1241 384 est
1270 344 1364 397 ipsa
1395 342 1573 384 infensa.

518 413 614 455 645.
666 425 755 455 ΤΟΤ
801 415 875 455 aut
920 414 1172 456 multorum:
1218 416 1292 455 aut
1337 428 1464 468 supra
1508 413 1738 466 dictorum,
1784 416 1830 455 ut
1874 413 1943 467 <II
1975 414 2089 467 503>

402 484 779 540 quinquaginta
812 484 892 525 illi
924 485 1139 526 thalami
1171 498 1278 538 spes
1310 487 1449 525 tanta
1479 487 1714 536 nepotum.

520 555 616 597 646.
667 567 762 597 NON
795 567 948 597 BEROE
982 568 1116 598 VOBIS
1155 570 1241 596 non
1274 558 1339 596 est
1378 555 1606 607 dissuasio,
1644 557 1691 595 ut
1724 555 1896 610 quidam
1927 557 2092 609 putant,

402 628 473 669 sed
505 627 643 683 magis
682 626 879 668 hortatur
918 627 1211 681 persuadendo
1250 626 1436 668 numinis
1475 625 1740 667 auctoritate.
1860 638 2093 668 ΒΗΟΕΤΕΙΑ

402 715 427 740 a
457 698 652 740 Rhoeteo
684 698 993 751 promunturio,

520 769 617 811 647.
667 780 815 809 DIVJNI
860 780 995 810 SIGNA
1041 779 1236 810 DEcoms
1287 767 1430 809 omnia
1481 766 1669 822 colligit,
1721 768 1872 822 quibus
1917 769 2095 810 numina

403 842 737 897 cognoscuntur:
778 842 825 880 ut
855 839 902 893 <I
935 839 1048 893 327>
1081 854 1292 894 namque
1329 838 1461 880 haud
1500 838 1598 879 tibi
1630 838 1805 880 vultus
1837 840 2094 894 mortalis,

403 927 491 954 nee
525 926 617 953 vox
648 911 900 952 hominem
935 914 1102 963 sonat,
1136 925 1159 951 o
1194 910 1281 951 dea
1314 911 1463 951 certe.

522 983 618 1025 648.
669 993 872 1024 SPIRITVS
913 982 1033 1036 odor,
1072 984 1119 1022 ut
1157 981 1204 1034 <I
1236 980 1350 1034 403>
1392 980 1619 1022 divinum
1663 982 1856 1023 vertice
1895 981 2093 1023 odorem

403 1056 682 1110 spiravere.

523 1126 620 1167 649.
670 1137 758 1166 VEL
799 1134 998 1166 GRESSVS
1038 1135 1179 1165 EVNTI
1218 1122 1345 1176 ut'<I
1377 1123 1491 1177 405>
1533 1125 1580 1164 et
1619 1138 1737 1164 vera
1774 1123 1977 1165 incessu
2013 1139 2096 1177 pa-

404 1197 506 1239 tuit
539 1197 638 1238 dea.

524 1269 619 1309 654.
671 1278 809 1308 PRIMO
843 1277 1079 1308 ANCIPITES
1119 1268 1347 1320 antequam
1387 1280 1543 1307 numen
1578 1268 1870 1320 agnoscerent.
1994 1277 2098 1308 ocv-

404 1351 573 1389 LISQVE
606 1349 830 1380 MALIGNIS
855 1351 934 1390 pro
966 1337 1085 1392 ipsae
1118 1337 1344 1392 malignae.

525 1410 621 1452 655.
671 1420 876 1461 MISERVM
908 1421 1052 1450 INTER
1084 1421 1124 1449 A.
1151 1421 1188 1450 P.
1220 1420 1259 1449 T.
1293 1411 1368 1450 aut
1400 1422 1622 1463 magnum,
1654 1411 1703 1450 ut
1735 1408 1961 1450 Terentius
1994 1422 2099 1449 eam

406 1483 589 1524 misere
617 1484 768 1522 amat:
802 1483 876 1522 aut
902 1479 1148 1534 ‘miserum'‚
1181 1495 1263 1534 quo
1290 1480 1450 1521 fiebant
1475 1481 1736 1534 miseriores,
1763 1495 1858 1521 oum
1882 1479 1942 1520 eis
1968 1493 2100 1534 regna

406 1554 675 1608 negarentur.

527 1624 624 1665 663.
673 1634 834 1665 PICTAs
861 1634 1025 1664 ABIETE
1054 1634 1224 1664 PVPPES
1258 1623 1301 1663 in
1336 1622 1475 1663 abiete
1503 1623 1659 1677 pietas,
1691 1622 1778 1664 sive
1806 1620 1989 1663 ‘abiete’
2020 1620 2101 1662 hoc

409 1698 490 1750 est,
524 1710 630 1750 quae
664 1697 785 1736 erant
817 1694 866 1734 de
900 1693 1051 1734 abiete.

528 1766 624 1808 665.
675 1776 888 1807 EVMELVS
923 1764 1101 1806 Latinus
1141 1767 1338 1806 accentus
1378 1768 1461 1819 est,
1502 1765 1714 1806 translato
1745 1764 1916 1806 nomine
1948 1764 1992 1805 in
2023 1763 2103 1805 La-

410 1838 559 1879 tinum.

530 1908 625 1949 669.
677 1918 849 1949 CASTRA
883 1909 930 1947 ut
961 1905 1186 1959 <111519>
1217 1921 1307 1947 nos
1340 1909 1511 1948 castra
1542 1921 1818 1960 movemus,
1850 1907 1894 1948 id
1917 1909 1973 1948 est
2003 1906 2103 1948 clas-

342 1987 386 2017 25
412 1993 504 2021 sem.
595 1989 817 2020 MAGISTRI
850 1977 1063 2019 custodes:
1097 1977 1320 2019 Terentius
1354 1992 1427 2019 me
1459 1978 1592 2019 filiis
1627 1978 1926 2032 relinquunt
1957 1978 2103 2032 quasi

412 2051 727 2105 magistrum.

532 2121 627 2161 670.
679 2131 783 2170 QVIS
810 2131 966 2162 FVROR
992 2132 1090 2162 ISTE
1116 2131 1266 2162 NOVVS
1296 2120 1418 2174 quasi
1451 2120 1502 2160 ad
1535 2120 1724 2162 furentes
1757 2120 1961 2174 loquitur:
1994 2118 2104 2160 unde

412 2207 466 2234 ne
498 2196 589 2233 tum
623 2191 793 2245 quidem
827 2192 1018 2246 agnitus,
1051 2206 1146 2232 oum
1178 2191 1357 2232 dixisset
1390 2190 1457 2231 ‘en
1491 2204 1569 2244 ego
1605 2194 1745 2231 vester
1771 2190 1999 2231 Ascanius:
2032 2202 2105 2244 ga—

512 2337 552 2367 17
580 2331 788 2378 Terentius]
817 2332 978 2367 heauton
1003 2331 1080 2366 tim.
1108 2332 1123 2365 I
1150 2336 1180 2373 2,
1212 2336 1252 2365 16
1272 2333 1284 2375 ΙΙ
1312 2335 1355 2365 25
1383 2331 1594 2377 Terentius]
1621 2330 1768 2365 Phorm.
1797 2331 1810 2364 Ι
1838 2334 1871 2373 2,
1897 2334 1939 2365 21

513 2468 529 2497 1
557 2462 667 2497 maris
697 2491 702 2496 .
732 2489 737 2495 .
768 2490 773 2496 .
801 2462 931 2507 naves]
962 2461 1073 2496 maris
1100 2456 1160 2495 ue‘l
1188 2461 1337 2496 nauium
1365 2462 1418 2504 F,
1444 2461 1661 2502 Fabricius,
1687 2461 1825 2494 Daniel
1866 2459 1978 2494 maris
2005 2459 2106 2494 ouius

417 2512 499 2545 sunt
525 2522 636 2544 naves
669 2510 873 2553 Stephanus
903 2510 915 2552 ΙΙ
953 2514 972 2544 6
998 2521 1198 2543 nnomfflzm
1226 2509 1264 2543 F
1298 2521 1471 2543 Romnum
1496 2508 1682 2542 NLHM
1711 2509 1722 2552 ΙΙ
1761 2512 1779 2542 7
1806 2518 1828 2541 a
1852 2506 2107 2551 promunturio

418 2558 567 2592 roetheo
595 2557 634 2592 F
649 2558 661 2601 1]
681 2557 831 2591 roetheo
858 2556 947 2589 NH
979 2556 1106 2590 retheo
1134 2556 1165 2589 L
1177 2557 1222 2589 M
1241 2558 1252 2600 Η
1271 2556 1544 2601 promunctorio
1564 2555 1606 2589 N
1611 2555 1692 2589 LH
1728 2554 2004 2599 promuncturio
2032 2554 2079 2588 M
2105 2556 2107 2599 l

421 2610 459 2639 11
489 2604 596 2651 odor]
621 2606 637 2638 1
664 2604 778 2638 adora
803 2604 872 2647 ΗΗ
901 2607 940 2637 13
969 2616 1097 2638 GRESSV
1124 2604 1155 2636 L
1176 2605 1187 2647 ΙΙ
1207 2616 1330 2638 ΕνΝΤιε
1356 2603 1542 2637 NLHM
1558 2604 1570 2648 ΙΙ
1589 2602 1691 2648 vera]
1719 2613 1756 2636 re
1783 2613 1871 2636 uera
1896 2601 1935 2634 F
1950 2602 1962 2646 ΙΙ
1981 2603 2109 2646 pateat

420 2652 458 2686 1
475 2654 486 2696 Ι]
508 2656 550 2687 16
576 2663 643 2696 pro
669 2652 748 2686 hab
772 2651 820 2686 M
836 2652 848 2695 ΙΙ
870 2655 911 2685 17
939 2664 1090 2684 msunvm
1118 2680 1124 2685 .
1148 2680 1153 2685 .
1178 2679 1183 2684 .
1212 2665 1240 2684 ι
1246 2651 1258 2695 ]
1285 2650 1459 2685 miserum
1487 2652 1610 2684 autem
1637 2660 1799 2684 amorem
1826 2648 1892 2693 Fu
1911 2652 1955 2682 20
1981 2659 2107 2683 ΑΒιΕἹε

420 2712 544 2734 xvppns
571 2698 610 2733 F
650 2710 776 2733 Annam:
802 2710 922 2732 mcms
949 2698 1034 2731 LII
1068 2711 1102 2732 ix
1128 2710 1254 2732 Anium,-
1280 2710 1399 2732 picus
1426 2697 1500 2742 Mu
1524 2697 1562 2731 in
1588 2696 1709 2731 abiete
1735 2696 1855 2741 pictas
1882 2695 1959 2730 sine
1986 2695 2108 2730 abiete

420 2746 566 2780 N:LH
599 2747 690 2789 (sine
721 2747 882 2779 insane
915 2746 1067 2778 mutarit
1094 2746 1122 2784 l,
1159 2747 1175 2778 1
1201 2744 1277 2779 siue
1302 2756 1478 2797 superscr3
1504 2745 1580 2779 aba
1605 2745 1746 2778 manu-sl
1780 2743 1816 2777 in
1842 2742 1966 2785 habite
1994 2742 2034 2776 F
2070 2742 2108 2776 in

421 2793 540 2827 abiete
567 2793 683 2837 pietas
704 2793 753 2827 M
787 2793 847 2826 vel
871 2792 908 2827 iu
936 2792 1055 2826 abiete
1082 2791 1200 2836 pictas
1227 2794 1263 2826 et
1289 2792 1443 2827 subaudi
1470 2792 1507 2826 in
1534 2792 1589 2825 vel
1618 2791 1738 2826 ibiete
1765 2802 1852 2825 sane
1879 2790 1925 2824 D.
1970 2790 2107 2824 Carolz-

423 2841 585 2874 νιιὴεηεὶε
605 2853 684 2874 (XVI
706 2851 785 2874 cum
804 2840 846 2873 N
853 2840 934 2873 ΕΗ
952 2840 1141 2881 consentit,
1168 2850 1236 2873 mse
1259 2841 1352 2883 quod
1373 2839 1450 2874 siue
1471 2839 1515 2873 de
1535 2838 1655 2873 abiete
1673 2848 1740 2882 pro
1762 2837 1837 2872 sine
1864 2836 1985 2872 abiete
2011 2848 2106 2871 man

421 2898 483 2921 sec.
518 2899 586 2931 quo
618 2888 719 2921 modo
750 2888 922 2921 scholium
954 2887 1237 2921 constituendum
1271 2890 1355 2921 esset
1387 2887 1478 2921 cidit
1504 2886 1550 2919 I«
1579 2885 1792 2920 Schoellzus:
1827 2896 1843 2918 e
1836 2895 1886 2941 Jo
1918 2883 1956 2917 in
1987 2883 2108 2917 abiete

422 2934 540 2978 pictas
568 2934 644 2968 sine
671 2934 792 2969 abiete
818 2935 1037 2969 seclusemm.
1057 2934 1069 2978 ΙΙ
1095 2937 1138 2967 22
1165 2933 1353 2979 Latinum]
1380 2945 1463 2968 nam
1491 2943 1621 2977 graece
1646 2932 1779 2966 dicitur
1805 2927 1961 2975 εὐμελής
1987 2927 2108 2974 (εὔμε-

422 2985 481 3020 λος
509 2980 706 3015 Fabricius
733 2978 888 3026 εὔμηλος
916 2981 1133 3022 Masticius)
1160 2983 1197 3014 et
1223 2981 1379 3025 diligens
1405 2981 1670 3024 interpretatur
1696 2979 1778 3013 add.
1800 2979 1838 3012 D
1863 2980 1874 3022 ΙΙ
1899 2981 1944 3011 24
1971 2978 2107 3022 eastra]

423 3028 459 3061 id
486 3030 541 3062 est
567 3028 720 3062 classem
747 3039 920 3071 superscr.
939 3040 971 3061 m
997 3030 1008 3072 Η
1036 3028 1073 3061 id
1100 3029 1156 3062 est
1181 3027 1334 3062 classem
1367 3028 1479 3062 edidit
1505 3027 1709 3070 Stephanus
1740 3026 1751 3070 ΙΙ
1788 3026 1836 3059 ad
1860 3036 1890 3058 v.
1919 3028 1986 3058 669
2013 3035 2106 3058 man.

426 3086 488 3108 Jec.
516 3076 553 3109 in
581 3075 620 3108 F
650 3076 843 3119 adscripsit
868 3075 897 3109 si
923 3075 1127 3110 exanimem
1155 3076 1428 3109 consternatum
1447 3075 1460 3118 1]
1479 3078 1522 3108 25
1549 3085 1606 3109 me
1633 3072 1734 3117 filiis]
1761 3071 1891 3106 melius
1918 3071 1960 3105 H
1974 3072 1986 3115 ΙΙ
2005 3070 2108 3117 filiis]

425 3121 480 3157 1113
509 3122 545 3155 F
561 3123 573 3167 ΙΙ
600 3125 643 3157 28
670 3124 759 3159 tunc
784 3122 926 3156 NHM
943 3123 955 3167 ΙΙ
979 3121 1141 3167 galeam]
1169 3122 1254 3156 ante
1280 3122 1392 3165 pedes
1418 3122 1500 3157 add.
1525 3121 1571 3155 M
