2204 3437
754 753 1062 800 ADDENDA
1101 761 1166 799 ET
1213 754 1635 803 CORRIGENDA.

443 879 579 915 Critico
607 879 653 913 ad
681 880 772 914 duos
797 879 938 924 priores
966 879 1139 914 Aeneidis
1170 879 1285 914 libros
1312 882 1581 916 commentario
1608 882 1700 917 satis
1727 881 1845 916 multa
1872 882 2041 918 addenda

348 933 441 967 sunt.
487 945 572 967 nam
598 944 642 967 ex
667 943 739 977 quo
766 932 866 976 prior
890 932 998 966 huius
1030 933 1228 967 voluminis
1259 933 1457 969 fasciculus
1488 935 1586 970 foras
1620 936 1728 971 datus
1760 935 1818 970 est
1850 936 1886 970 et
1917 936 2044 971 oblata

349 985 541 1020 occasione
568 985 637 1019 viri
665 985 813 1029 quidam
841 985 940 1020 docti
968 985 1084 1019 Servii
1118 986 1232 1021 verba
1258 998 1279 1020 a
1304 986 1464 1023 librariis
1492 991 1667 1034 corrupta
1693 988 1983 1023 emendaverunt
2008 990 2045 1023 et

348 1038 619 1074 Franciscus
652 1038 793 1083 Pauly
829 1038 1091 1073 scholasticum
1126 1039 1294 1074 libellum
1330 1039 1439 1084 (Gra-z
1478 1044 1581 1087 1879)
1619 1041 1735 1076 edidit
1767 1040 1830 1085 qui
1863 1041 1963 1076 totus
1996 1041 2043 1075 ad

348 1090 459 1135 primi
494 1093 531 1125 et
563 1092 715 1127 secundi
750 1092 836 1126 libri
876 1091 1159 1126 commentarios
1193 1093 1429 1137 corrigendos
1463 1096 1635 1139 pertinet.
1687 1095 1827 1139 gratias
1861 1106 1931 1140 ago
1964 1095 2042 1130 viro

350 1143 564 1180 doctissimo
592 1146 689 1189 quod
716 1146 869 1190 rogatus
895 1156 916 1180 a
947 1156 1005 1179 me
1032 1145 1218 1190 permisit,
1250 1148 1291 1181 ut
1323 1158 1341 1180 e
1376 1147 1597 1182 coniecturis
1630 1148 1694 1182 illo
1728 1148 1854 1183 libello
1881 1159 2044 1193 compre-

349 1197 472 1232 hensis
498 1199 568 1233 hoc
594 1199 676 1233 loco
705 1209 764 1233 eas
791 1209 1121 1233 commemorarem
1143 1199 1274 1242 quibus
1297 1201 1506 1235 emendatio
1527 1201 1751 1235 scholiorum
1775 1201 1946 1245 expedita
1965 1213 2044 1236 esse

350 1250 545 1286 videretur.
598 1251 696 1295 quod
723 1263 766 1286 ex
792 1251 843 1285 eis
871 1262 964 1294 quae
992 1250 1081 1284 olim
1108 1251 1178 1285 viri
1205 1252 1307 1287 docti
1332 1253 1377 1286 ad
1405 1253 1654 1288 emendandos
1682 1254 1966 1288 commentarios
1990 1253 2044 1288 in-

350 1307 529 1339 venerunt
555 1304 654 1339 haud
679 1315 798 1349 pauca
824 1315 896 1339 non
922 1305 1006 1338 sunt
1033 1315 1054 1338 a
1079 1316 1138 1338 me
1165 1305 1239 1339 suis
1265 1305 1356 1340 locis
1382 1307 1528 1351 prolata
1548 1317 1657 1352 aegre
1682 1307 1779 1341 fero:
1805 1306 1923 1341 veluti
1950 1306 2042 1343 Car.

349 1357 478 1391 Andr.
513 1357 683 1392 Dukeri
718 1357 756 1391 in
793 1358 954 1402 primum
988 1355 1163 1392 Aeneidis
1199 1358 1334 1393 librum
1373 1359 1651 1403 adnotationes,
1690 1371 1780 1403 quas
1812 1359 2044 1394 Burmannus

350 1409 420 1445 vol.
448 1410 464 1443 I
488 1422 522 1455 p.
552 1410 718 1444 LXXVII
738 1422 818 1460 sqq.
846 1411 929 1455 post
960 1409 1101 1444 indices
1134 1410 1305 1446 notarum
1337 1412 1375 1446 in
1401 1412 1608 1457 Vergilium
1635 1412 1768 1457 edidit,
1804 1423 1920 1457 nuper
1946 1412 2043 1447 forte

349 1464 498 1498 fortuna
523 1474 581 1497 me
608 1463 792 1498 invenisse
818 1463 947 1498 fateor.

446 1516 611 1551 Serviani
637 1516 891 1551 commentarii
907 1517 1092 1551 codicibus
1106 1518 1219 1562 praef.
1234 1530 1269 1562 p.
1286 1518 1455 1553 LXXVII
1471 1531 1548 1563 sqq.
1571 1519 1766 1565 descriptis
1788 1519 1884 1554 addo
1907 1520 1968 1554 Bu
1977 1519 2000 1553 d
2009 1531 2044 1554 a-

349 1569 658 1614 pestinensem
688 1573 753 1603 199
781 1579 875 1605 saec.
903 1569 969 1613 XI,
998 1570 1060 1613 qui
1081 1570 1238 1614 Vergilii
1260 1571 1424 1606 carmina
1451 1584 1533 1607 cum
1555 1572 1675 1608 Servii
1696 1572 1846 1608 scholiis
1873 1573 2046 1608 continet.

351 1622 389 1656 in
414 1622 574 1666 primum
602 1623 638 1656 et
671 1622 870 1656 secundum
902 1622 1077 1657 Aeneidis
1108 1623 1244 1657 librum
1280 1625 1565 1660 commentarios
1598 1637 1681 1660 cum
1713 1637 1757 1660 eo
1789 1625 1947 1661 contulit
1971 1624 2046 1659 Er-

351 1677 505 1710 nestus
532 1674 743 1719 Finacry,
779 1675 841 1717 qui
874 1685 968 1718 quae
1008 1674 1201 1719 exscripsit
1234 1676 1387 1721 Hageno
1427 1678 1539 1714 misit.
1591 1678 1758 1713 codicem
1791 1678 1869 1713 eius
1901 1678 2046 1723 generis

351 1738 428 1762 esse
455 1729 556 1762 cuius
583 1739 601 1762 e
622 1727 712 1762 meis
739 1727 842 1761 libris
867 1727 961 1762 ΒΜ
985 1730 1070 1763 sunt
1094 1729 1125 1762 is
1151 1728 1214 1772 qui
1240 1740 1325 1764 eum
1352 1730 1510 1765 contulit
1534 1731 1612 1775 ipse
1641 1731 1827 1776 cognovit.

438 1792 478 1825 10-
508 1786 539 1824 7,
568 1784 610 1815 18
638 1782 682 1824 cf.
709 1781 807 1816 Serv.
835 1791 954 1815 comm.
983 1782 1024 1815 in
1049 1782 1146 1817 Don.
1168 1793 1206 1826 p.
1235 1785 1321 1827 415,
1348 1787 1391 1818 37
1413 1794 1485 1828 sqq.
1511 1783 1559 1818 K.

439 1845 478 1878 p.
510 1837 568 1878 10,
599 1838 614 1868 1
642 1834 741 1877 quod
767 1835 804 1868 et
830 1833 1056 1878 superiorem
1081 1834 1225 1878 partem
1252 1835 1437 1880 significat
1461 1836 1503 1870 ut
1527 1836 1627 1871 maia
1653 1848 1678 1871 e.
1700 1849 1730 1881 q.
1758 1848 1784 1872 s.
1808 1836 2045 1872 Cassellanu-s.

441 1898 480 1931 p.
510 1891 570 1931 12,
599 1891 617 1921 7
654 1887 828 1931 quoniam
865 1899 886 1920 a
921 1886 990 1920 diis
1028 1888 1128 1921 ortos
1162 1899 1239 1922 esse
1271 1889 1586 1933 recognoscebant
1619 1889 1834 1923 Putschium
1865 1888 1929 1932 (ad
1955 1888 2045 1922 Sall.

356 1941 433 1976 Cat.
469 1942 504 1985 6)
544 1942 732 1976 coniecisse
767 1941 876 1982 refert
907 1939 1098 1983 Duker-us,
1130 1942 1193 1985 qui
1229 1942 1304 1985 ipse
1335 1943 1539 1986 neyativam
1564 1942 1789 1986 particulam
1818 1942 2046 1975 inserendam

352 2005 422 2028 csse
448 1998 570 2029 censet.
622 1993 797 2037 quoniam
822 1992 935 2027 nullis
961 1993 1043 2028 aliis
1070 1996 1169 2028 ortos
1194 1994 1240 2028 A.
1267 1994 1313 2028 R.
1341 1995 1407 2029 Zz'tt.
1437 1994 1630 2030 Centralbl.
1660 1997 1748 2029 1879
1769 2006 1807 2039 p.
1838 1998 1938 2029 1060.

441 2058 479 2091 p.
511 2050 568 2090 12,
598 2050 639 2080 15
667 2045 697 2080 si
717 2046 791 2080 iam
816 2047 897 2080 tum
924 2047 1029 2080 erant
1057 2046 1180 2081 Latini
1207 2047 1340 2092 Panlj.

441 2111 480 2144 p.
515 2104 574 2142 14,
607 2103 650 2134 23
682 2100 749 2133 has
782 2109 904 2133 musas
945 2097 1087 2133 Siculus
1121 2099 1366 2143 Epicharmus
1410 2100 1547 2135 multas
1583 2101 1647 2135 sed
1685 2097 1918 2146 ὁμονοούσας
1955 2099 2047 2136 dicit

353 2154 532 2188 thkerus.

441 2217 479 2250 p.
511 2210 570 2249 17,
600 2210 641 2241 18
674 2207 795 2242 adnot.
830 2206 907 2241 crit.
940 2217 1049 2250 porro
1081 2207 1122 2240 in
1153 2207 1323 2241 Danielis
1355 2208 1552 2251 appendice
1584 2218 1600 2242 0
1633 2206 1814 2242 Fuldensi
1839 2206 2045 2251 Scioppius,

353 2261 415 2305 qni
440 2260 538 2294 haud
563 2259 636 2294 scio
662 2270 712 2293 an
737 2270 778 2293 ea
804 2269 884 2293 voce
910 2270 996 2292 usas
1020 2259 1084 2301 sit,
1110 2263 1149 2294 ut
1175 2261 1389 2295 scholiorum
1415 2261 1463 2295 ad
1491 2272 1519 2295 υ.
1545 2264 1584 2294 13
1611 2260 1651 2294 in
1679 2259 1859 2294 dedensi
1883 2259 2044 2304 adserip-

354 2317 471 2347 tornm
489 2313 560 2356 *qni
585 2316 669 2346 esset
695 2312 781 2346 ordo
812 2312 1043 2355 siqniftcaret.

446 2378 482 2410 p.
510 2369 553 2400 22
581 2366 702 2400 adnot.
731 2366 807 2400 crit.
830 2365 894 2399 lin.
925 2369 967 2398 15
995 2365 1345 2401 concelebraverant
1365 2377 1436 2410 pro
1463 2366 1772 2401 consecraverunt
1796 2365 1977 2400 Dukerus.

443 2430 481 2462 1).
510 2422 571 2460 23,
601 2422 641 2451 13
675 2409 796 2452 adnot.
824 2418 901 2452 crit.
929 2418 970 2451 dc
997 2417 1197 2460 Casscllani
1222 2420 1468 2454 additamento
1495 2420 1538 2462 cf.
1566 2419 1614 2463 ad
1640 2418 1729 2452 Aen.
1758 2417 1808 2452 IV
1837 2421 1911 2452 198.

444 2483 482 2515 p.
510 2475 572 2515 23,
602 2475 642 2505 15
671 2472 741 2516 que
766 2482 978 2506 GANYMEDIS.

444 2535 482 2568 p.
511 2528 572 2567 24,
600 2528 618 2557 6
651 2523 837 2557 Tleeodotii
861 2524 924 2566 qni
942 2523 1005 2557 hoc
1031 2524 1105 2558 loco
1130 2525 1341 2559 nominatur
1361 2536 1478 2569 nuper
1497 2526 1587 2560 mihi
1614 2525 1652 2558 in
1676 2527 1824 2558 mentem
1848 2524 1945 2558 venit
1964 2535 2043 2559 cnm

356 2579 497 2621 lcqerem
531 2577 789 2612 leeodontc‘nm
809 2577 987 2620 quendam
1018 2577 1111 2611 inter
1142 2582 1305 2612 auctores
1334 2578 1448 2612 Pauli
1476 2578 1650 2612 Perusini
1674 2577 1787 2619 secisse
1821 2576 1924 2611 cuius
1954 2586 2043 2611 com-

356 2632 542 2666 mentariis
561 2630 761 2664 Boccacz'zcs
786 2630 827 2662 in
852 2629 943 2663 libro
969 2630 1011 2663 de
1036 2630 1180 2664 deornm
1205 2631 1416 2675 qenealoyia
1441 2641 1528 2665 usas
1553 2633 1612 2665 est.

444 2696 483 2729 p.
514 2687 574 2727 24,
601 2687 644 2717 25
671 2683 852 2728 distinqne
878 2692 1004 2716 causa:
1032 2694 1117 2716 nam
1143 2682 1234 2717 alibi
1260 2711 1266 2716 .
1296 2710 1302 2715 .
1332 2710 1337 2715 .
1366 2682 1538 2717 Achillis:
1566 2683 1607 2716 ut
1637 2681 1831 2717 Sallustius
1857 2693 1883 2717 e.
1910 2694 1941 2727 q.
1968 2694 1994 2716 s.

446 2749 483 2781 p.
513 2741 573 2779 25,
601 2740 620 2770 5
647 2736 768 2770 adnot.
796 2734 872 2768 crit.
898 2738 1040 2778 praeter
1066 2735 1342 2769 Laclzmannnm
1368 2736 1696 2770 commemorandus
1722 2739 1798 2770 erat
1817 2735 2044 2780 Bernaysius

357 2802 443 2824 mus.
470 2790 583 2823 Ii'lzen.
610 2788 660 2822 VI
681 2800 719 2832 12.
747 2791 826 2821 479.

445 2854 483 2887 p.
513 2846 568 2885 30,
599 2846 640 2876 10
667 2841 808 2884 antiqui
835 2851 908 2874 non
935 2840 1030 2874 lovis
1057 2840 1169 2874 solius
1194 2842 1419 2885 putaverunt
1446 2840 1622 2876 Dukerus.

449 2907 487 2940 1).
515 2898 569 2938 32,
601 2898 641 2928 15
668 2894 850 2938 distinque
875 2893 983 2935 Iuno,
1011 2893 1080 2927 hoc
1106 2893 1160 2927 est
1186 2895 1264 2937 aer,
1291 2893 1474 2928 subiectus
1500 2905 1526 2928 e.
1552 2906 1582 2939 q.
1610 2906 1636 2929 s.

446 2960 485 2992 p.
512 2952 568 2991 33,
596 2952 613 2981 2
642 2948 706 2981 aut
732 2947 886 2981 honores
911 2944 1115 2980 redduntur
1143 2944 1304 2990 Capera-3
1330 2948 1460 2982 observ.
1488 2947 1520 2980 II
1550 2952 1584 2989 1,
1609 2947 1780 2991 probavit
1805 2946 1983 2981 Dulccrus.

446 3014 484 3045 1).
513 3006 568 3044 36,
596 3007 614 3034 υ
642 3000 862 3044 profundum
889 2999 1013 3043 potest
1038 2999 1074 3032 et
1101 2998 1146 3032 ad
1174 2999 1289 3033 maria
1316 3001 1352 3034 et
1377 2999 1424 3034 ad
1450 3001 1567 3034 terras
1593 2999 1720 3034 referri
1746 2999 1925 3034 aner'ccs.

446 3068 484 3098 1».
513 3059 568 3098 37,
598 3058 637 3088 17
666 3057 730 3088 aut
755 3053 796 3086 ut
827 3051 946 3097 possit
976 3051 1164 3095 praestare
1198 3052 1260 3095 qui
1286 3053 1424 3096 petitur
1454 3053 1685 3095 secludenda,
1718 3056 1782 3086 ant
1814 3051 1851 3085 id
1885 3053 1941 3086 cst
1959 3056 2044 3096 post

314 3107 319 3109 ⁴
359 3106 496 3151 petitur
523 3107 748 3142 inserendmn
773 3116 844 3140 esse
870 3109 982 3140 censet
1008 3104 1137 3149 Pauly.
