2204 3437
553 201 702 236 COMM.
731 202 781 236 IN
808 201 947 236 VERG.
980 201 1086 237 AEN.
1114 202 1156 236 V.
1185 207 1250 237 773
1302 207 1380 238 801.
1724 204 1807 245 649

119 325 298 365 quarum
326 310 508 352 secunda
535 313 576 351 et
602 310 732 352 tertia
763 324 971 364 personae
1002 310 1156 365 longae
1190 314 1289 352 sunt
1319 315 1494 366 propter
1527 311 1808 354 differentiam

119 379 234 422 esum
267 396 310 423 es
343 380 440 422 est’.
491 380 622 422 ‘edit'
656 383 799 422 autem
825 382 869 421 in
894 381 1127 435 praeterito
1160 381 1407 434 producitur
1438 381 1523 424 ‘cde'
1547 384 1663 424 edisti
1689 382 1809 436 edit',

120 454 168 492 ut
201 451 362 507 ‘legit'.

238 523 335 564 788.
385 533 555 564 cAvsAs
577 534 716 563 TAN'ri
738 533 866 564 SCIAT
889 534 996 564 [LLA
1021 534 1215 564 FVRORIS
1249 523 1354 564 bene
1383 524 1628 577 supprimit:
1662 528 1811 565 contra

119 593 257 647 ipsam
291 592 404 633 enim
433 594 533 632 sunt
565 606 672 646 quae
699 591 805 633 Iuno
839 593 882 633 in
915 592 1078 634 decimo
1100 592 1211 645 <92>
1238 594 1499 648 exsequitur,
1531 598 1577 635 ut
1604 594 1684 635 ‘me
1706 595 1809 636 duce

118 662 362 704 Dardanius
395 660 595 716 Spartam
628 664 892 717 expugnavit
924 662 1120 704 adulter’.

238 733 333 774 790.
383 744 512 782 QVAM
544 744 708 775 MOLEM
749 737 797 775 ut
827 734 928 775 alibi·
959 734 1005 787 <I
1041 734 1150 787 134>
1181 738 1224 775 et
1259 737 1431 776 tantas
1472 736 1670 777 audetis
1712 737 1807 777 tol-

117 804 221 845 lere
253 804 426 844 moles.

237 875 333 915 791.
383 886 652 924 NEQVIQVAM
686 877 761 916 aut
793 875 881 916 sine
915 890 1060 930 causa,
1100 877 1145 917 id
1174 880 1231 917 est
1268 877 1385 917 nulla
1423 879 1593 918 extante
1626 878 1808 919 ratione:

231 944 241 962 Ε

119 949 192 986 aut
252 945 529 999 nequiquam’
568 950 774 1000 quantum
813 946 864 987 ad
914 947 1004 987 eius
1049 946 1236 1001 pertinet
1279 950 1482 988 mentem:
1527 963 1652 989 unam
1698 949 1809 989 enim

116 1030 269 1057 navem
314 1030 363 1056 ex
409 1016 607 1058 omnibus
654 1018 792 1058 vertit.
852 1017 958 1059 unde
995 1018 1057 1058 ait
1092 1017 1200 1059 Iuno
1239 1016 1349 1070 <VII
1382 1018 1495 1071 309>
1536 1018 1656 1071 ‘quac
1693 1020 1811 1072 potui

117 1085 296 1140 infclix'.

237 1157 332 1199 7952.
384 1169 432 1198 IN
463 1168 629 1199 REGNIS
657 1169 749 1200 Hoc
775 1170 892 1201 AvsA
925 1171 1025 1201 TV1s
1059 1162 1106 1200 ut
1137 1160 1237 1200 alibi
1269 1160 1449 1214 <1138>
1483 1175 1578 1202 non
1610 1161 1691 1202 illi
1723 1162 1810 1201 im-

116 1228 311 1282 perium
343 1228 517 1282 pelagi
549 1242 856 1283 saevumque
894 1230 1180 1272 tridentem.
1301 1242 1429 1272 ACTIS
1462 1231 1604 1272 furore
1637 1232 1807 1285 conpul-

117 1300 195 1352 sis,
239 1303 286 1339 ut
332 1299 443 1351 <VH
476 1299 589 1351 405>
634 1300 862 1353 reginam
909 1300 1114 1342 Allecto
1161 1302 1388 1342 stimulis
1433 1302 1542 1357 agit
1594 1301 1808 1356 undique

117 1369 320 1411 Bacchi.

236 1441 331 1482 795.
380 1453 587 1483 IGNOTAE
620 1442 821 1497 ignobili,
861 1446 908 1484 ut
940 1458 1049 1484 nam
1089 1458 1238 1498 saepe
1278 1444 1420 1485 favos
1454 1445 1660 1499 ignotus
1694 1444 1808 1485 ade-

116 1512 191 1552 dit
223 1512 423 1554 stellio:
457 1517 498 1553 et
529 1512 635 1554 dixit
667 1515 845 1567 iquotam
872 1514 1023 1556 Italiae
1059 1515 1379 1569 conparatione:
1412 1530 1511 1557 nam
1544 1516 1693 1569 ignota
1724 1530 1809 1556 non

117 1586 208 1624 erat
241 1584 293 1624 ad
326 1598 452 1637 quam
486 1583 552 1624 bis
585 1584 761 1626 Troiani
793 1590 1010 1627 venerant.

236 1655 331 1695 797.
380 1666 503 1696 VELA
534 1667 629 1695 ΤΙΒΙ
661 1655 704 1695 id
738 1658 803 1696 est
833 1671 910 1710 per
942 1671 1120 1712 regnum
1153 1660 1288 1698 tuum.

234 1724 329 1766 798.
381 1736 421 1766 SI
453 1736 685 1767 CONCESSA
718 1738 836 1768 PETO
870 1727 1097 1782 siquidem:
1138 1742 1237 1768 nam
1269 1728 1396 1769 modo
1424 1726 1490 1768 ‘si’
1518 1728 1808 1770 confirmantis

117 1798 194 1836 est.
258 1796 355 1850 agit'
381 1798 522 1837 autem
558 1812 582 1838 a
613 1797 824 1851 possibili.

234 1866 330 1907 800.
381 1878 463 1908 EAS
498 1879 625 1909 OMNE
651 1863 750 1910 'EST
790 1868 854 1909 fas
894 1872 935 1909 te
977 1872 1056 1923 est,
1098 1869 1178 1911 hoc
1218 1872 1281 1911 est
1320 1869 1521 1923 possibile
1560 1872 1642 1923 est,
1681 1867 1807 1911 ‘meis

114 1937 260 1991 regnis
292 1937 460 1978 fidere’:
492 1952 591 1978 nam
628 1938 754 1980 ‘fido’
789 1939 978 1981 dativum
1012 1942 1181 1981 tantum
1215 1940 1337 1995 regit.

233 2008 328 2049 801.
380 2021 507 2050 VNDE
538 2020 688 2052 GENVS
723 2021 858 2051 DVCIS
892 2013 938 2052 ut
971 2011 1154 2052 diximus
1189 2026 1317 2065 supra
1343 2010 1550 2065 <11119>,
1583 2010 1682 2065 quia
1714 2009 1801 2050 feli-
1835 2022 1853 2048 ι

115 2079 219 2120 citer
253 2082 317 2120 est
348 2080 628 2135 navigaturus
663 2081 846 2134 Aeneas,
887 2081 1076 2121 Venerem
1107 2082 1204 2122 dicit
1236 2096 1261 2122 (ι
1294 2082 1403 2122 mari
1433 2084 1702 2133 procreatam.
1765 2083 1806 2120 et

113 2153 162 2191 ut
193 2149 276 2191 fert
307 2150 472 2206 fabula,
505 2149 658 2192 Caelus
685 2154 809 2205 pater
835 2151 916 2192 fuit
937 2151 1121 2193 Saturni.
1170 2152 1235 2193 cui
1264 2167 1358 2193 cum
1391 2152 1525 2192 iratus
1554 2151 1665 2192 filius
1698 2151 1806 2191 falce

215 2295 255 2325 17
282 2302 367 2324 nam
394 2291 520 2338 saepe]
555 2303 679 2337 georg.
707 2292 756 2326 IV
783 2296 849 2326 242
882 2293 893 2336 ΙΙ
930 2296 973 2326 27
1001 2292 1131 2327 Caelus
1158 2294 1262 2337 pater
1290 2320 1295 2326 .
1324 2321 1330 2327 ,
1361 2321 1366 2326 .
1394 2291 1546 2336 gaudet]
1582 2302 1693 2326 exscr.
1723 2291 1804 2325 Isid.

115 2349 165 2373 or.
198 2337 283 2372 VllI
311 2342 364 2382 11,
392 2342 435 2373 76
462 2339 500 2373 et
526 2343 579 2375 77.
618 2340 801 2385 mythogr.
830 2339 879 2373 ΙΙΙ
907 2343 936 2383 1,
965 2344 995 2374 7.
1035 2339 1079 2374 cf.
1107 2340 1290 2384 mythogr.
1320 2339 1349 2372 Π
1377 2343 1420 2373 30

212 2473 227 2502 1
245 2479 402 2513 persona
416 2469 447 2502 L
458 2469 505 2503 M
522 2470 534 2513 ΙΙ
553 2473 573 2503 2
588 2469 758 2514 producit
772 2469 869 2512 libri,
884 2480 973 2503 corr.
990 2470 1194 2504 Schoellius.
1222 2468 1391 2513 producit
1407 2468 1456 2502 ‘e'
1472 2470 1514 2502 ut
1527 2468 1619 2512 legit
1633 2468 1801 2516 Stepltan.

116 2519 148 2550 et
168 2515 369 2550 Fabricius
396 2516 566 2560 producit
592 2516 641 2550 ‘e’
672 2516 731 2551 edi
757 2516 865 2550 edisti
892 2516 968 2551 edit
992 2518 1034 2551 ut
1059 2516 1151 2561 legit
1170 2517 1304 2550 Daniel
1323 2518 1335 2560 Η
1354 2520 1375 2549 4
1402 2518 1529 2550 contra
1554 2515 1672 2558 ipsam
1696 2514 1803 2548 ΓΜ.-

115 2564 244 2598 contra
268 2563 347 2608 ipse
368 2564 409 2597 N
444 2566 572 2598 contra
598 2564 679 2614 ipsa
699 2564 791 2597 LM
807 2565 819 2608 ΙΙ
839 2567 858 2597 5
885 2568 927 2598 ut
949 2565 994 2597 M
1019 2567 1050 2598 et
1069 2575 1168 2607 supr.
1193 2575 1276 2597 vers.
1299 2564 1328 2597 I:
1355 2566 1394 2596 at
1415 2562 1453 2596 F
1469 2565 1480 2606 ΙΙ
1500 2566 1518 2596 9
1547 2563 1692 2595 extente
1719 2562 1804 2595 NI!

114 2635 276 2677 (extante
301 2637 339 2672 η)
379 2635 544 2668 exstante
574 2635 620 2667 M
644 2634 656 2678 ΙΙ
690 2638 730 2668 11
757 2644 888 2668 navem
915 2644 979 2670 om.
1006 2634 1084 2667 NL
1094 2634 1144 2676 H,
1169 2633 1294 2667 nanim
1322 2634 1369 2667 M·
1391 2634 1403 2677 ΙΙ
1428 2632 1541 2667 uertit
1566 2643 1607 2666 ex
1635 2632 1802 2666 omnibus

115 2681 154 2715 F
175 2683 186 2725 ΙΙ
214 2686 254 2716 12
281 2680 424 2727 infelix]
461 2692 556 2725 quae
581 2683 717 2715 memet
741 2681 779 2715 in
806 2680 930 2715 omnia
955 2681 1051 2715 verti
1076 2681 1203 2716 vincor
1228 2681 1274 2715 ab
1301 2682 1426 2715 Aenea
1451 2680 1533 2714 add.
1561 2679 1697 2714 Dauid
1720 2681 1732 2723 ΙΙ
1762 2684 1800 2713 17

113 2729 286 2763 scholium
311 2729 359 2763 ad
384 2739 414 2763 v.
442 2732 509 2763 795
535 2739 602 2763 om.
631 2728 670 2762 F
697 2730 708 2772 ΙΙ
740 2729 885 2772 ignotos
911 2727 1001 2762 NH
1026 2729 1038 2772 ΙΙ
1072 2732 1114 2763 18
1141 2727 1234 2762 dixit
1260 2727 1426 2772 ignotam
1455 2728 1518 2760 M.-
1545 2727 1710 2771 ignotam
1737 2739 1802 2761 om.

1450 2795 1468 2811 Π.

115 2822 157 2855 N
160 2821 256 2864 LH,
283 2821 375 2856 dixit
398 2821 469 2856 hoc
495 2822 594 2856 Lion
623 2822 635 2865 ΙΙ
669 2826 709 2855 19
737 2823 816 2855 erat
844 2821 1059 2856 Fabricius:
1086 2824 1191 2857 erant
1217 2822 1259 2855 N
1264 2822 1304 2855 II
1314 2822 1359 2855 M
1396 2824 1475 2855 erat
1502 2822 1533 2854 L
1567 2823 1601 2864 (n
1627 2832 1801 2865 superse-r.

109 2880 168 2913 pr.
195 2871 254 2913 m.)
281 2870 292 2913 ΙΙ
320 2873 362 2902 21
391 2868 421 2902 si
447 2868 712 2913 confirmantis]
741 2869 835 2902 sicut
860 2869 1040 2903 firmantis
1068 2870 1109 2902 H
1123 2871 1135 2914 ΙΙ
1160 2873 1203 2903 22
1231 2869 1324 2913 agitsl
1351 2868 1404 2902 ait
1431 2869 1461 2901 J.
1487 2869 1499 2912 ss
1525 2873 1567 2902 23
1595 2869 1729 2902 scholia
1755 2870 1803 2903 acl

113 2927 144 2950 v.
160 2919 228 2950 800
254 2919 285 2949 et
311 2916 360 2950 ad
384 2916 480 2950 unde
506 2926 620 2960 genus
648 2915 748 2950 ducis
768 2920 991 2950 evanuerunt
1018 2918 1057 2950 in
1078 2916 1325 2955 Floriacensi,
1351 2917 1493 2949 conlata
1513 2919 1596 2949 sunt
1617 2927 1695 2949 cum
1715 2916 1801 2949 Ber-

114 2963 218 2997 nensi
243 2967 309 2998 167
336 2964 395 3008 (=
423 2962 468 3006 G)
494 2964 506 3007 ΙΙ
531 2962 703 3006 possibile
731 2962 801 3007 est]
829 2962 1056 3006 possibiliter
1085 2963 1117 2996 G
1142 2965 1154 3007 ΙΙ
1182 2967 1224 2997 24
1251 2974 1335 2996 nam
1363 2973 1427 2996 om.
1450 2962 1480 2996 G
1507 2964 1518 3007 ΙΙ
1552 2967 1596 2996 26
1624 2963 1801 2997 Venerem

116 3009 207 3044 (licit
232 3021 254 3044 a
279 3009 372 3045 mari
398 3011 439 3044 iu
465 3013 648 3050 contextu,
683 3010 915 3054 procreatam
942 3011 982 3044 in
1006 3022 1118 3055 τηαν-9.
1147 3023 1168 3043 α
1195 3013 1386 3043 correctore
1410 3011 1608 3053 suppletum
1636 3010 1715 3045 hab.
1747 3010 1800 3044 M.

117 3056 294 3092 Venerem
322 3085 329 3092 .
353 3086 359 3092 .
382 3086 388 3092 .
417 3058 648 3102 procreatam
674 3057 864 3090 ediderunt
887 3058 1090 3102 Stephanus
1116 3062 1147 3091 ct
1167 3057 1365 3091 1<'‹1b1·icius
1382 3058 1394 3101 ΙΙ
1414 3068 1432 3091 e
1459 3056 1550 3091 mari
1578 3057 1774 3091 humidus

114 3155 159 3185 27
187 3150 286 3185 celus
312 3151 345 3185 G
383 3124 503 3186 caelds
529 3151 573 3185 N
595 3152 607 3195 ΙΙ
632 3151 691 3185 cui
716 3162 797 3185 cum
826 3151 890 3185 M:
916 3162 979 3186 cus
1006 3163 1088 3185 cum
1115 3151 1146 3185 G
1184 3151 1242 3185 cui
1268 3161 1310 3184 ea:
1336 3162 1419 3185 eum
1445 3151 1485 3184 N
1520 3162 1601 3184 cum
1632 3150 1712 3184 LII

1836 604 1854 632 5

1840 958 1880 986 10

1839 1311 1878 1340 15

1834 1665 1878 1695 20
