2132 3354
288 156 369 191 XVI
983 144 1268 183 PRAEFATIO.

287 263 452 306 Vrbani
484 258 716 314 fuerunt¹):
750 273 855 313 quos
882 257 1239 299 commentatores
1267 266 1361 293 cum
1386 248 1531 291 nescio
1559 262 1643 302 qua
1669 247 1720 289 de
1740 261 1867 288 causa
1891 259 1977 287 non

294 336 513 377 nominare
558 331 866 383 constituisset,
918 341 1062 369 eorum
1105 323 1280 366 nomina
1324 336 1378 362 110
1422 319 1532 374 apud
1565 317 1760 360 Servium
1804 316 1976 371 quidem

291 409 432 447 extare
490 403 636 445 voluit.
728 399 897 442 eosdem
946 397 1044 438 huic
1094 392 1376 450 grammatico
1428 388 1756 432 commentarios
1806 389 1977 441 praesto

288 476 417 517 fuisse
457 474 610 529 quibus
649 471 817 513 Servius
856 482 957 509 usus
997 467 1052 507 sit
1090 465 1169 505 hac
1209 476 1376 517 quoque
1407 475 1452 502 re
1486 459 1745 512 ostenditur,
1784 457 1897 512 quod
1934 457 1979 498 in

289 546 536 588 Cassellauo
575 544 737 596 aliquot
773 538 909 580 Servii
948 535 1111 578 scholia
1149 531 1446 588 ‘quibusdam'
1487 530 1704 584 adscripta
1735 531 1845 570 sunt.
1909 526 1979 582 (cf.

290 618 394 658 Aen.
426 616 443 657 I
477 615 578 667 273,
612 613 713 665 706,
762 610 804 652 II
839 610 875 662 7,
911 608 981 662 15,
1013 607 1065 647 51
1109 619 1203 647 cum
1245 602 1521 644 adnotatione
1563 600 1742 655 critica.)
1815 598 1981 639 scilicet

290 687 434 728 eadem
479 699 585 739 quae
631 682 801 724 Servius
846 679 1101 732 exposuerat
1143 673 1346 730 plenioris
1391 670 1688 714 commentarii
1732 671 1881 710 auctor
1926 668 1978 709 ab

290 758 386 798 aliis
437 769 615 809 quorum
666 751 840 794 scholiis
891 748 1092 789 utebatur
1143 745 1348 787 adnotata
1392 743 1576 784 videbat.
1656 740 1820 783 accedit
1869 738 1980 794 quod

290 825 402 869 haud
452 825 600 880 paucis
644 823 749 865 locis
796 835 902 875 quae
952 820 996 860 in
1045 817 1240 859 breviore
1285 813 1590 856 commentario
1635 812 1749 853 dicta
1793 813 1894 852 sunt
1936 810 1981 850 111

290 897 554 953 plenioribus
587 895 708 935 libris
747 893 959 933 iterantur
997 889 1122 943 idque
1155 888 1217 929 ita
1248 901 1335 928 11011
1365 899 1577 938 nusquam
1609 886 1657 924 ut
1689 882 1784 924 aliis
1816 881 1981 922 tributa

291 970 388 1010 sint.
432 968 482 1009 cf.
515 966 620 1007 Aen.
651 964 671 1005 I
703 963 787 1004 448
822 960 880 1016 (p.
910 960 1003 1015 146,
1040 959 1091 1000 12
1119 961 1162 999 et
1192 955 1286 1012 15),
1318 956 1403 997 462
1437 953 1496 1008 (p.
1526 954 1621 1008 149,
1657 953 1709 994 12
1725 951 1818 1007 sq).
1855 951 1899 992 II
1925 951 1979 992 99

293 1038 353 1093 (p.
376 1039 472 1091 234,
492 1038 518 1079 5
539 1040 581 1078 et
601 1033 661 1091 S),
696 1034 777 1076 126
806 1031 865 1088 (p.
887 1032 984 1085 239,
1006 1031 1059 1072 16
1082 1028 1174 1085 sq),
1206 1028 1289 1070 348
1323 1024 1380 1083 (p.
1402 1027 1500 1080 277,
1520 1026 1545 1067 3
1568 1022 1661 1080 sq.),
1694 1025 1779 1066 644
1805 1022 1865 1079 (p.
1885 1022 1983 1076 314,

294 1111 315 1150 7
351 1111 392 1149 et
428 1110 511 1162 12).
555 1106 617 1147 ΠΙ
649 1105 734 1146 466
767 1102 824 1158 (p.
855 1102 953 1156 423,
986 1103 1011 1143 6
1033 1106 1156 1156 sqq).
1206 1098 1311 1140 VIII
1344 1098 1429 1138 220
1461 1097 1639 1150 vulgato
1673 1095 1836 1136 scholio
1869 1093 1982 1148 quod

292 1180 371 1220 hoc
404 1182 468 1220 est
501 1175 756 1231 ‘macutum'
781 1188 860 1228 pro
893 1171 1054 1227 ‘maie'
1079 1172 1240 1227 posuit:
1277 1183 1377 1211 uam
1409 1166 1569 1222 ‘mave’
1603 1169 1660 1208 est
1681 1180 1757 1219 per
1788 1168 1983 1207 ¹¹naturam

285 1251 566 1303 pomlerosmn,
599 1244 856 1301 ‘maiatum'
889 1245 995 1297 quod
1025 1245 1216 1285 oneratur
1241 1241 1487 1282 extrinsecus
1519 1237 1563 1278 in
1587 1236 1850 1278 Floriacensi
1881 1235 1985 1276 haec

294 1321 437 1361 addita
478 1321 576 1360 sunt
612 1319 682 1360 sed
716 1317 884 1370 {silidam
921 1315 1065 1355 melius
1096 1309 1351 1367 ‘yravatum’
1384 1322 1508 1362 (suam
1540 1306 1700 1361 ‘yrave'
1733 1307 1883 1348 (lictum
1924 1318 1987 1347 ‘co-

295 1392 399 1445 lunt,
431 1391 548 1443 quasi
579 1389 825 1431 extrinsecus
855 1387 952 1428 uocli
983 1386 1067 1427 siut
1099 1384 1241 1425 additi.
1303 1381 1408 1423 VIII
1441 1380 1525 1422 393
1558 1379 1603 1420 111
1633 1377 1904 1420 brevioribus
1937 1376 1987 1416 li-

293 1461 381 1501 bris
414 1461 519 1502 haec
550 1460 752 1514 leguntur
781 1457 975 1498 intellexit
999 1469 1039 1497 se
1063 1454 1167 1496 dolis
1192 1456 1228 1495 et
1245 1451 1548 1506 pulchritudine
1560 1449 1799 1502 pervertisse
1817 1450 1987 1489 mentem

295 1532 444 1572 num-iti.
506 1545 582 1585 pro
621 1530 723 1571 dolis
759 1532 795 1570 et
828 1513 1129 1580 pzileluitudiue
1164 1524 1210 1565 in
1247 1521 1510 1564 Floriacensi
1548 1520 1754 1574 scriptum
1793 1521 1858 1560 est
1899 1517 1987 1559 sola

287 1602 606 1655 pulchritudine,
648 1599 850 1641 nimirum
887 1612 941 1638 ne
980 1595 1127 1637 eadem
1165 1593 1409 1635 viderentur
1449 1605 1555 1645 quae
1595 1590 1739 1631 addita
1779 1591 1880 1630 sunt
1911 1588 1989 1629 alii

295 1673 451 1714 <lucibus
491 1672 606 1713 welfus
644 1671 833 1712 Venerem
873 1667 1012 1708 volunt
1047 1665 1243 1706 maritum
1275 1664 1524 1716 adm-essum,
1565 1661 1668 1702 dolis
1699 1663 1735 1702 et
1758 1659 1987 1713 pulchritu-

297 1745 389 1785 dine
421 1758 453 1784 e.
487 1758 525 1797 q.
558 1757 588 1783 s.
650 1740 756 1781 VIII
790 1739 874 1780 406
914 1736 1081 1791 vulgati
1120 1734 1221 1776 libri
1253 1733 1359 1774 haec
1392 1732 1594 1774 exhibent
1627 1747 1804 1773 0011110113
1822 1746 1991 1772 nvm'svs

299 1831 442 1855 canuto
471 1813 542 1854 lioe
573 1815 628 1853 est
658 1814 751 1852 ante
781 1809 992 1851 concubuit
1022 1810 1058 1847 et
1088 1807 1145 1847 sic
1177 1805 1326 1858 quievit
1356 1818 1390 1844 e.
1418 1818 1456 1857 q.
1483 1817 1514 1843 s.
1547 1802 1592 1843 in
1623 1800 1886 1843 Floriacensi
1919 1799 1989 1841 ad-

299 1885 455 1925 ‹luntur
492 1884 567 1924 alii
606 1880 812 1934 ‘infusus’
853 1881 987 1933 {effluit
1022 1881 1067 1918 ut
1103 1876 1352 1930 ‚siynifteetur
1390 1875 1513 1916 coisse
1553 1873 1641 1914 illos
1687 1872 1809 1913 etsie
1839 1871 1988 1925 sopitos

300 1970 332 1995 e.
366 1970 404 2009 q.
436 1970 466 1995 s.
529 1953 706 2006 denique
744 1951 825 1992 huc
863 1950 1051 2004 pertinet
1088 1946 1202 2001 quod
1234 1945 1372 1987 Servii
1410 1943 1584 1985 scholiis
1625 1957 1749 1996 saepe
1781 1942 1989 1995 interpre-

300 2025 485 2065 tationes
518 2038 691 2077 prorsus
725 2021 871 2062 eodem
903 2019 1126 2061 redeuntes
1160 2017 1347 2058 adnexae
1380 2017 1490 2056 sunt.
1553 2013 1602 2055 cf.
1633 2013 1653 2053 I
1685 2012 1770 2054 335
1802 2010 1860 2066 (p.
1895 2010 1991 2064 119,

310 2096 353 2135 11
391 2098 432 2135 et
470 2094 556 2148 15),
595 2094 678 2135 539
713 2095 755 2134 et
787 2092 894 2144 5413
932 2090 1015 2131 689
1050 2092 1091 2129 et
1124 2087 1221 2129 695.
1281 2086 1325 2128 ΙΙ
1356 2086 1454 2140 419,
1487 2084 1584 2137 504,
1618 2084 1720 2139 789,
1757 2083 1820 2124 ΙΙΙ
1852 2083 1891 2136 9,
1923 2081 1991 2135 34,

304 2166 369 2219 36,
402 2165 476 2218 39,
510 2165 662 2219 quibus
697 2162 900 2215 exemplis
935 2160 1093 2201 similia
1125 2159 1260 2199 multa
1292 2159 1472 2212 possunt
1504 2154 1699 2209 proferri.

422 2236 521 2276 Alio
554 2236 805 2290 argumento
839 2245 922 2286 quo
951 2229 1087 2271 Servii
1119 2227 1427 2270 commentario
1459 2225 1598 2268 aliena
1623 2224 1785 2266 scholia
1810 2222 1993 2264 inmixta

402 2401 435 2441 2)
469 2398 654 2432 Donatum
683 2398 720 2431 et
738 2394 927 2428 Vrbanum
949 2393 1044 2429 inter
1064 2392 1222 2436 Vergilii
1250 2391 1558 2426 commentatores
1577 2399 1735 2433 magnae
1761 2384 1994 2422 auctoritatis

307 2452 418 2486 fuisse
456 2451 540 2485 inde
574 2449 803 2493 intellegitur
836 2448 933 2491 quod
966 2458 987 2481 a
1020 2446 1146 2481 Servio
1178 2444 1322 2489 saepius
1356 2455 1467 2488 quam
1505 2441 1618 2477 ceteri
1653 2440 1994 2476 commemorantur.

309 2505 445 2539 Donati
479 2502 782 2538 commentarium
816 2500 937 2544 priore
969 2499 1082 2533 medii
1107 2497 1205 2541 quod
1230 2498 1385 2531 vocatur
1411 2495 1494 2530 aevi
1519 2495 1625 2539 parte
1650 2492 1815 2528 extitisse
1840 2503 1914 2527 non
1939 2502 1995 2525 so-

311 2558 386 2591 lum
414 2557 616 2591 Turononsi
650 2554 789 2589 scholio
823 2553 920 2596 quod
953 2563 1062 2596 supra
1094 2549 1286 2594 exscripsi,
1317 2549 1379 2584 sed
1413 2548 1496 2583 aliis
1527 2545 1764 2588 testimoniis,
1797 2556 1891 2590 quae
1924 2544 1997 2578 suis

310 2610 401 2645 locis
428 2610 628 2653 proferam,
657 2607 870 2642 ostenditur.
892 2625 935 2629 —
956 2604 1146 2639 Vrbanum
1171 2602 1396 2637 Ribbeckius
1422 2601 1528 2646 (prol.
1555 2613 1588 2645 p.
1618 2601 1699 2644 167)
1724 2599 1832 2634 Velio
1857 2598 1998 2642 Longo,

312 2663 373 2706 qui
401 2662 479 2706 ipse
505 2673 526 2696 a
547 2661 665 2695 Gellio
691 2659 823 2703 (XVIII
844 2663 876 2702 9,
895 2659 931 2701 4)
960 2658 1283 2700 commemoratur,
1310 2654 1554 2699 antiquiorem
1580 2652 1691 2687 fuisse
1712 2651 1885 2694 coniecit,
1911 2648 1998 2694 quia

313 2714 412 2749 illius
440 2714 485 2748 ad
512 2715 600 2748 Aen.
623 2714 653 2747 V
676 2717 742 2747 517
770 2710 973 2752 adnotatio,
1000 2721 1108 2753 quam
1135 2709 1281 2744 Servius
1306 2707 1485 2751 laudavit,
1511 2705 1631 2751 Longi
1655 2703 1811 2747 scholio,
1834 2703 1936 2747 ¹quod
1962 2702 2000 2736 in

313 2766 516 2801 Veionensi
549 2765 674 2801 codice
707 2766 752 2799 ad
786 2777 817 2799 v.
846 2767 912 2798 488
947 2764 1063 2804 extat,
1096 2763 1338 2806 suppleretur.
1388 2771 1516 2795 verum
1546 2757 1696 2803 quidem
1723 2758 1778 2792 est
1801 2757 1952 2802 poetam
1978 2765 2001 2789 a

315 2819 466 2854 Cornuti
498 2818 771 2863 vituperatione
805 2816 863 2860 (cf.
892 2815 1002 2850 schol.
1030 2815 1177 2859 Veron.)
1209 2815 1326 2849 multo
1358 2812 1573 2858 prudentius
1604 2822 1626 2844 a
1651 2811 1778 2854 Longo
1810 2819 1922 2853 quam
1952 2808 1998 2842 ab

313 2873 461 2907 Vrbano
489 2872 678 2906 defensum
706 2881 800 2913 esse,
836 2880 955 2912 neque
980 2869 1105 2902 tamen
1131 2867 1215 2901 inde
1243 2866 1407 2910 sequitur
1431 2866 1528 2899 hunc
1553 2865 1639 2898 ante
1664 2863 1770 2896 illum
1798 2861 1999 2906 scripsisse.

317 2925 429 2959 immo
463 2937 544 2959 cum
577 2935 620 2958 ea
651 2934 744 2968 quae
772 2922 917 2957 Servius
943 2933 986 2956 cx
1011 2920 1150 2955 Vrbani
1182 2918 1445 2954 commentario
1471 2915 1653 2960 excerpsit
1678 2913 1724 2948 ab
1749 2912 1999 2958 antiquiorum

313 2978 553 3021 interpretum
593 2976 761 3011 doctrina
800 2977 837 3009 ct
874 2973 1009 3008 iudicio
1047 2974 1222 3017 pleraque
1261 2971 1381 3006 aliena.
1420 2970 1509 3013 sint,
1547 2968 1682 3003 rectius
1715 2978 1798 3001 eum
1830 2965 2000 3000 inferiore

314 3031 449 3073 aetate,
476 3030 511 3063 id
540 3031 596 3064 est
622 3030 752 3072 quarto
778 3028 853 3062 fere
880 3026 1043 3070 saeculo,
1072 3024 1227 3069 Vergilii
1247 3024 1410 3059 carmina
1430 3021 1718 3058 commentatum
1738 3030 1817 3053 esse
1837 3019 1998 3053 statuere

312 3083 446 3117 videor.
