2204 3437
256 1861 288 1875 (δ

381 155 467 195 352
1149 154 1307 188 SERVH

380 262 600 317 Vergilius
642 263 828 304 latenter
869 262 1067 303 ostendit.
1140 262 1252 317 quod
1293 264 1437 302 autem
1482 261 1666 302 diximus
1707 261 1892 304 Dianam
1936 263 2074 317 primo

378 336 542 387 natam,
574 333 754 375 rationis
787 335 872 374 est:
916 349 1018 376 nam
1049 335 1234 387 constat,
1265 333 1448 386 primam
1480 334 1649 373 noctem
1681 332 1831 387 fuisse,
1864 334 1982 375 cuius
2014 333 2076 374 in-

380 406 667 445 strumentum
700 406 764 444 est
796 404 911 458 luna,
942 404 983 445 id
1017 406 1082 445 est
1106 403 1266 456 Diana3
1299 405 1399 456 post
1425 402 1549 456 diem,
1581 417 1706 456 quem
1733 403 1798 444 sol
1824 403 1968 458 efficit,
2000 404 2072 458 qui

378 476 444 514 est
475 474 644 527 Apollo.
694 476 742 515 ut
775 477 918 515 autem
949 473 1081 515 Delos
1114 473 1254 527 primo
1288 472 1473 527 Ortygia
1505 473 1728 527 diceretur,
1758 473 1920 514 factum
1953 476 2019 514 est
2051 488 2076 514 a

330 553 349 584 5
377 544 605 598 coturnice,
637 559 743 599 quae
777 558 927 599 graece
961 541 1092 597 ὄρτυξ
1124 546 1312 585 vocatur.
1363 542 1494 584 Delos
1528 546 1684 597 autem,
1716 544 1816 598 quia
1851 544 1921 585 diu
1948 544 2076 584 latuit

378 617 420 655 et
458 618 557 668 post
594 615 813 669 apparuit:
859 629 958 656 nam
992 615 1129 668 δῆλον
1162 613 1313 655 Graeci
1345 614 1623 655 manifestum
1656 613 1820 654 dicunt:
1863 615 1930 655 vel
1963 614 2076 668 quod

377 684 518 726 verius
551 688 628 738 est,
660 685 760 739 quia
792 699 886 726 cum
918 685 1076 739 ubique
1108 684 1325 740 Apollinis
1358 698 1564 738 responsa
1596 684 1779 726 obseura
1811 685 1909 739 sint,
1940 685 2075 725 mani-

377 755 489 796 festa
520 755 608 796 illic
640 756 796 797 dantur
828 756 1010 797 oracula.
1055 755 1185 796 Delos
1220 757 1363 795 autem
1394 757 1438 796 et
1469 755 1619 796 civitas
1653 755 1810 796 dicitur
1841 757 1884 796 et
1915 755 2075 797 insula:

378 826 487 867 unde
519 826 734 867 interdum
767 827 919 880 recipit
951 825 1325 880 praepositionem.
1357 825 1484 866 *item
1515 826 1659 867 aliter:
1691 823 1800 867 Iuno
1832 840 1923 867 eum
1953 827 2075 868 vidis-

308 906 350 935 10
376 900 434 937 set
463 897 669 938 Latonam
700 911 727 938 a
757 897 853 938 Iove
883 898 1139 946 adamatam,
1177 897 1331 937 iuravit
1361 910 1449 937 eam
1480 909 1562 937 non
1585 897 1827 948 parituram
1858 898 1904 938 in
1942 898 2072 938 terris.

376 967 566 1020 Iuppiter
596 969 771 1009 nudavit
801 982 890 1008 eam
920 968 966 1008 in
997 968 1251 1017 coturnicem,
1283 981 1385 1019 quae
1417 966 1569 1008 Graece
1601 963 1732 1022 ὄρτυξ
1764 968 2006 1020 appellatur,
2038 971 2075 1008 et

376 1041 618 1080 monstravit
652 1042 699 1080 ut
734 1039 886 1079 veniret
915 1038 1066 1088 Delon,
1109 1051 1212 1090 quae
1247 1038 1333 1079 illis
1370 1038 1612 1090 temporibus
1644 1039 1752 1080 eirea
1783 1039 1923 1079 omnia
1955 1038 2075 1079 litora

374 1110 579 1161 serebatur
609 1111 747 1151 ventis.
784 1113 879 1162 post
899 1113 1073 1162 partum
1103 1122 1192 1149 vero
1225 1108 1420 1159 Latonae,
1455 1123 1532 1161 quo
1564 1108 1754 1150 Dianam
1785 1112 1822 1150 et
1839 1109 2075 1161 Apollinem

371 1182 537 1233 peperit,
572 1180 742 1234 Ortyqia
772 1181 881 1221 dieta
906 1183 963 1221 est
991 1193 1093 1232 quae
1118 1182 1211 1220 ante
1232 1179 1357 1220 Delos
1382 1179 1684 1230 nominabatur,
1716 1183 1754 1221 et
1774 1183 1920 1232 postea
1938 1179 2075 1230 Delos,

310 1260 352 1289 15
379 1265 469 1292 eum
501 1266 590 1293 eam
621 1252 770 1304 Apollo
801 1252 1039 1292 rerinxisset
1058 1250 1198 1303 Gyaro
1230 1253 1266 1290 et
1284 1250 1472 1303 M'yeono,
1505 1250 1720 1292 altissimis
1751 1250 1990 1292 montibus*

377 1340 495 1364 siem
523 1340 625 1364 ΜΔΕ]
658 1326 695 1363 et
723 1322 890 1374 reliqua.
940 1335 1038 1362 sane
1068 1335 1230 1362 sacrum
1261 1321 1411 1362 dieiticr
1441 1321 1548 1372 quod
1581 1321 1658 1362 rite
1688 1325 1876 1362 sacratur
1906 1322 1997 1371 deo,
2028 1324 2076 1362 ut

376 1394 507 1443 aedes,
548 1407 663 1443 arae,
706 1393 944 1442 simulacra,
982 1393 1100 1433 dona.
1162 1392 1226 1432 hie
1262 1392 1391 1444 iqitur
1428 1392 1591 1432 aedium
1626 1405 1841 1433 sacrarum
1883 1393 1956 1433 etsi
1993 1406 2074 1434 non

376 1467 527 1516 aperte,
573 1457 752 1505 attamen
783 1464 958 1504 eiusdem
989 1464 1095 1504 ritus
1125 1463 1326 1512 meminit,
1370 1476 1460 1503 eum
1491 1463 1541 1503 de
1570 1463 1710 1504 insula
1742 1463 1984 1515 loqueretur,
2027 1464 2074 1504 in

376 1548 457 1586 qua
489 1538 779 1587 praeterquam
816 1538 862 1575 ut
893 1533 1051 1575 <saera'
1084 1535 1260 1587 dixerat,
1303 1534 1349 1574 id
1383 1536 1441 1574 est
1475 1537 1658 1584 saerata,
1699 1534 1881 1586 qratiam
1920 1547 2073 1587 quoque

305 1614 349 1643 ‘20
369 1606 510 1658 posuit
539 1619 621 1646 non
651 1606 782 1646 solum
813 1605 966 1646 Doridi
997 1606 1122 1646 matri
1153 1605 1388 1654 Nereidum,
1419 1618 1522 1656 quae
1554 1605 1775 1645 traduntur
1805 1605 1900 1646 deae
1930 1606 2072 1656 maris,

374 1677 443 1717 sed
473 1676 662 1729 Neptuno
694 1677 817 1717 etiam
849 1676 1023 1725 addidit,
1062 1675 1311 1716 dominatori
1348 1675 1528 1716 videlieet
1557 1675 1740 1715 omnium
1771 1675 1816 1716 in
1847 1676 1956 1715 mari
1987 1676 2073 1717 deo-

374 1761 478 1788 rum.
608 1765 701 1789 TELL
712 1764 753 1788 Vs
783 1747 916 1788 maior
947 1747 1126 1800 diqnitas
1158 1749 1216 1787 est
1247 1745 1411 1796 ‘tellus’,
1443 1759 1566 1798 quam
1597 1746 1634 1786 si
1665 1745 1834 1786 dixisset
1862 1746 2012 1787 insula.

440 1813 452 1820 ’
494 1819 560 1858 74.
610 1835 817 1860 NEREIDVM
833 1835 956 1859 MATRI
983 1816 1146 1870 Doridi,
1178 1817 1478 1869 quinquaqinta
1508 1815 1782 1869 nympharum
1813 1817 1950 1866 matri,
1983 1830 2071 1858 eon-

374 1889 462 1941 iuqi
495 1889 630 1930 Nerei.
781 1905 957 1930 NEPTiuvo
982 1904 1106 1928 AEGEO
1136 1887 1234 1939 quia
1265 1887 1312 1927 in
1343 1887 1474 1940 Aeqeo
1506 1888 1617 1927 mari
1646 1886 1742 1928 haee
1772 1888 1912 1928 insula
1934 1889 2072 1940 posita

305 1968 348 1998 25
375 1963 441 2000 est.
508 1973 606 2000 sane
651 1960 756 1999 'inter
793 1959 1103 2010 Hellespontum
1139 1960 1177 1997 et
1213 1957 1477 1998 Adriaticum
1514 1971 1627 1998 mare
1665 1971 1780 1999 omne
1816 1958 1924 1999 illud
1960 1972 2073 2000 mare

375 2030 554 2082 Aeqeum
596 2029 837 2082 appellatur,
880 2029 988 2080 quod
1028 2041 1174 2069 nomen
1217 2041 1244 2067 a
1278 2031 1400 2080 patre
1433 2028 1575 2069 Thesei
1605 2029 1737 2081 Aeqeo
1781 2029 1918 2070 traxit.
1981 2043 2072 2070 eum

375 2101 483 2141 enim
508 2101 554 2141 in
580 2099 808 2152 labyrintho
828 2100 1097 2141 Illinotaurus
1126 2102 1225 2140 esset
1254 2099 1436 2140 inclusus
1466 2102 1503 2140 et
1532 2100 1752 2151 quotannis
1783 2113 1831 2140 ex
1862 2099 2072 2141 nobilitate

375 2171 687 2211 Atheniensium
718 2173 863 2222 septem
892 2171 1016 2222 pueri
1046 2170 1105 2210 vel
1128 2169 1291 2222 puellae
1321 2170 1378 2210 ad
1405 2171 1638 2210 vescendum
1668 2170 1912 2211 Minotauro
1943 2171 2070 2211 mitte-

374 2245 532 2291 rentur,
577 2242 738 2282 tandem
775 2242 888 2282 dolor
922 2240 1121 2281 Theseum
1160 2241 1294 2281 subiit.
1349 2240 1555 2293 profectus
1595 2241 1730 2294 itaque
1761 2242 1904 2282 estad
1932 2241 2070 2283 1111110-

469 2360 488 2390 8
515 2357 626 2391 Delos
653 2359 776 2392 autem
804 2384 809 2390 .
839 2385 845 2391 .
874 2386 880 2392 .
908 2356 1043 2391 dicitur
1070 2358 1106 2391 et
1131 2356 1266 2401 insula]
1295 2367 1407 2391 exser.
1435 2356 1520 2391 Isid.
1547 2357 1637 2402 orig.
1665 2357 1751 2391 XIV
1777 2361 1809 2401 6,
1835 2361 1876 2391 21

470 2468 488 2496 2
515 2475 602 2497 nam
627 2464 775 2498 noctem
801 2463 957 2507 primam
985 2457 1131 2497 constat
1156 2462 1265 2496 fuisse
1294 2463 1341 2496 M
1359 2464 1370 2506 ΙΙ
1391 2467 1410 2496 5
1438 2463 1544 2504 οΡτγξ
1572 2463 1621 2496 L:
1647 2474 1735 2497 orox
1762 2462 1810 2503 F,
1836 2473 1901 2497 om.
1928 2463 1985 2505 H,
2011 2474 2065 2497 or-

374 2511 436 2553 tyx
465 2511 511 2543 M
549 2510 644 2545 ortix
671 2511 709 2543 E
738 2514 749 2554 ΙΙ
781 2510 915 2544 dieitur
942 2510 981 2543 F
1007 2511 1019 2554 ΙΙ
1051 2514 1070 2544 6
1097 2511 1224 2554 postea
1254 2510 1345 2543 ME
1368 2511 1380 2553 ΙΙ
1413 2510 1521 2544 delon
1547 2510 1728 2543 LHME
1752 2511 1763 2552 ΙΙ
1795 2512 1814 2543 8
1842 2512 1879 2543 et
1904 2520 1968 2545 om.
1997 2510 2037 2543 F
2058 2512 2069 2555 Ἰζ

376 2562 395 2590 f)
423 2557 518 2591 unde
553 2585 559 2591 .
589 2586 595 2591 .
623 2584 629 2590 .
662 2557 975 2601 praepositionem
1007 2568 1071 2591 om.
1109 2556 1149 2590 F
1181 2558 1193 2600 ΙΙ
1230 2556 1363 2600 recipit
1392 2557 1577 2591 interdum
1606 2557 1654 2590 M
1687 2557 1699 2600 ΙΙ
1738 2561 1780 2591 10
1813 2556 1969 2590 latinam
1997 2556 2036 2592 F

377 2608 418 2637 11
441 2604 536 2638 ortix
554 2603 592 2637 F
608 2606 619 2648 Η
642 2609 681 2638 13
704 2604 849 2648 partum
868 2604 1122 2638 Commelinus:
1148 2608 1319 2647 quartum
1342 2603 1381 2636 F
1396 2605 1407 2648 ΙΙ
1429 2608 1470 2637 13
1485 2604 1574 2649 quo]
1595 2615 1688 2647 quae
1708 2603 1887 2638 Barthius
1907 2604 1955 2638 cul
1974 2604 2067 2638 Stat.

380 2651 483 2685 Theb.
514 2651 559 2684 IV
589 2655 654 2685 796
687 2652 698 2694 ΙΙ
732 2656 773 2684 14
809 2653 893 2685 ante
920 2650 1047 2695 Delos]
1081 2651 1166 2684 ante
1199 2650 1363 2694 Cynthus
1389 2652 1569 2684 Barthius
1595 2652 1615 2684 l.
1645 2652 1665 2685 l.
1697 2652 1708 2695 ΙΙ
1749 2654 1788 2684 15
1824 2650 1970 2685 mieono
1998 2650 2038 2684 F

379 2702 419 2731 17
448 2709 633 2731 sacrarum
664 2699 885 2731 Masi-ictus:
918 2709 1061 2731 sacrum
1089 2697 1128 2730 F
1156 2699 1167 2740 ΙΙ
1201 2701 1239 2730 18
1266 2698 1440 2732 adtamen
1468 2697 1507 2731 F
1535 2699 1547 2742 ΙΙ
1578 2702 1622 2731 20
1648 2697 1777 2731 Doridi
1803 2698 1956 2731 Daniel:
1989 2698 2068 2732 dori

377 2744 416 2777 F
431 2746 443 2789 ΙΙ
463 2749 504 2778 21
533 2745 756 2779 dominatori
782 2745 935 2779 Daniel:
962 2744 1193 2778 dominatore
1222 2744 1287 2788 ,ΝΗ
1312 2744 1349 2779 111
1375 2745 1468 2778 mari
1494 2745 1647 2779 Daniel:
1674 2755 1773 2778 mare
1801 2744 1867 2788 1³11
1893 2749 1937 2778 24
1964 2745 2011 2778 ad
2036 2755 2068 2778 v.

375 2796 418 2826 74
444 2793 529 2825 haee
555 2793 741 2835 adscripta
767 2796 852 2826 sunt
878 2793 917 2825 in
948 2791 980 2824 T
1014 2792 1053 2824 In
1079 2802 1194 2835 aegeo
1220 2791 1313 2824 mari
1340 2795 1395 2835 est
1421 2792 1511 2826 haec
1537 2792 1657 2825 insula
1682 2791 1846 2826 tenedos.
1886 2792 1923 2825 et
1947 2791 2067 2825 totum

374 2838 467 2872 illud
498 2850 599 2873 mare
632 2839 727 2882 quod
761 2842 815 2873 est
846 2839 941 2872 inter
973 2838 1244 2881 hellespontum
1278 2840 1315 2871 et
1346 2838 1566 2872 adriaticum
1593 2849 1747 2882 aegeum
1774 2838 1992 2882 appellatur.
2031 2840 2069 2878 et

375 2885 472 2919 inter
501 2886 621 2919 chium
649 2888 685 2919 et
711 2886 883 2920 tenedum
910 2885 1049 2919 insulas
1077 2887 1132 2919 est
1158 2885 1226 2918 hoc
1248 2896 1375 2919 saxum
1396 2886 1433 2919 in
1453 2885 1533 2929 ipso
1554 2885 1646 2919 mari
1665 2896 1779 2929 aegeo
1799 2885 1897 2927 quod
1918 2896 1940 2918 a
1959 2885 2067 2929 longe

374 2932 636 2975 aspicientibus
669 2933 816 2967 uidetur
848 2943 979 2976 caprae
1006 2931 1283 2966 similitudinem
1309 2933 1567 2976 praetendere,
1601 2934 1637 2966 et
1663 2932 1748 2966 inde
1774 2942 1946 2975 aegeum,
1979 2931 2067 2975 quia

377 2990 446 3022 ega
477 2979 612 3013 dicitur
645 2991 755 3024 capra
780 2991 920 3024 graece.
953 2980 964 3023 ΙΙ
995 2982 1039 3012 ‘25
1066 2979 1311 3022 ellespontum
1340 2979 1378 3012 F
1405 2980 1417 3022 ΙΙ
1449 2984 1492 3013 26
1519 2990 1690 3023 aegreum
1722 2977 1760 3011 F
1787 2978 1798 3021 ΙΙ
1830 2990 1960 3023 aegreo
1989 2977 2028 3011 F
2056 2979 2067 3022 l¹

376 3026 500 3069 Aegeo
528 3037 613 3070 rege
641 3026 919 3060 Atheniensium
946 3026 1076 3069 traxit,
1109 3026 1171 3068 qui
1196 3025 1234 3059 in
1260 3037 1360 3059 mare
1387 3038 1424 3060 se
1450 3025 1712 3070 praecipitavit
1738 3036 1886 3069 sperans
1912 3027 2065 3059 mortem

377 3094 441 3127 filii
471 3096 604 3129 Daniel
623 3098 634 3139 ΙΙ
660 3101 701 3130 27
731 3097 936 3139 quodannis
963 3096 1030 3140 FU
1049 3100 1092 3129 ‘29
1120 3080 1272 3130 thesibni
1303 3096 1341 3128 F
1356 3097 1367 3139 Η
1389 3098 1521 3138 utaque
1549 3095 1587 3129 F

2189 1907 2204 1947 »ν
