2204 3437
392 146 478 187 334
1157 140 1318 176 SERVII

392 258 439 296 ut
466 254 680 308 significet
705 251 877 293 ‘retro'.
999 267 1191 293 NEPTJ'NIA
1216 266 1323 291 mom
1351 249 1443 289 bene
1473 251 1510 288 et
1539 247 1740 288 subtiliter
1765 247 1887 288 etiam
1917 247 1998 288 (liis
2028 245 2092 287 in-

391 327 547 367 vidiam
567 327 798 377 commovet,
831 326 874 363 at
892 336 937 363 ea
969 335 1122 374 qnoque
1153 321 1335 362 cecidisse
1365 320 1474 360 dieat
1503 332 1605 371 quae
1629 317 1886 371 putabantur
1917 318 2092 358 deornm.

391 410 488 437 sane
511 395 656 447 fabula
683 394 777 434 talis
808 396 876 433 est.
919 393 1170 445 Laomedon,
1202 405 1273 431 rex
1302 390 1591 442 Troianorum,
1623 389 1820 430 sollicitus
1847 401 1923 440 pro
1954 387 2094 440 opibus

391 467 477 507 sais
506 466 611 518 petit
647 464 697 505 ab
729 463 922 515 Apolline
958 466 996 503 et
1033 463 1238 515 NeptecnO,
1270 464 1317 501 nt
1353 460 1484 500 Illum
1522 461 1723 512 ee'nyerent
1759 459 1890 499 muris
1920 458 2094 499 mercede

347 547 366 576 5
386 538 605 590 promissa.
650 548 726 587 (suo
761 535 971 586 impetrato
1002 548 1105 586 (susce
1136 533 1216 574 (liis
1243 531 1490 584 promiserat
1523 531 1741 583 (leneyactt.
1785 530 1854 570 sed
1878 529 2094 581 Neptunus

392 609 525 648 'iratus
563 610 681 655 cetos,
729 605 771 645 e'cl
813 607 868 645 est
907 604 1063 644 beluam
1102 604 1310 644 marinam
1349 602 1529 642 invasit:
1578 602 1684 654 qnod
1722 601 1879 641 ‘malum
1902 598 2095 640 'Troiani

386 678 504 730 passi
535 679 631 717 sunt
661 689 751 716 nece
775 675 973 727 filiarum,
1005 688 1107 727 quas·
1132 674 1247 714 belna
1273 672 1505 722 comedebat,
1537 673 1657 712 donee
1682 672 1881 724 apertiore
1905 682 2093 722 responso

393 748 578 788 IIesiona
615 746 902 787 Laomedontis
939 745 1030 797 filia
1061 747 1237 785 monstro
1268 745 1545 795 exponeretur,
1584 755 1708 794 qnam
1739 740 1936 782 Hercules
1970 739 2096 779 Troia

394 832 526 859 eversa
561 818 746 859 liberavit
776 820 812 856 et
843 816 972 856 amieo
1003 828 1076 856 suo
1105 814 1316 855 Telamoni
1340 814 1448 854 dedit
1477 826 1653 854 nitorem.
1703 825 1801 853 sane
1826 810 2096 852 Laomedonte

326 898 368 928 10
395 890 518 931 occiso
551 889 722 929 Priamo
755 887 960 939 Pleryyz‘ae
991 885 1156 926 donavit
1189 884 1412 936 imperium.

513 960 552 1000 4.
603 969 801 999 DIVERSA
827 968 987 997 EXILIA
1012 955 1139 996 multi
1173 955 1226 996 ad
1264 954 1370 994 illud
1402 954 1593 994 referunt
1642 952 1690 1006 <1
1717 953 1830 1006 602>
1863 965 2095 1005 magnum

396 1045 521 1084 quae
561 1044 741 1083 sparsa
778 1043 865 1082 per
904 1028 1086 1068 orbem.
1138 1028 1308 1067 constat
1345 1039 1528 1079 namque
1567 1024 1758 1065 diversas
1797 1025 1942 1076 partes
1976 1022 2094 1063 orbis

394 1101 584 1142 tenuisse
612 1099 838 1152 Troianos,
870 1101 915 1139 ut
940 1098 1138 1147 Helenus,
1171 1099 1217 1137 'ert
1241 1096 1442 1137 Antenor:
1477 1095 1550 1135 sed
1576 1094 1727 1135 melius
1756 1097 1821 1135 est
1853 1092 2096 1147 specialiter

396 1172 477 1213 hoc
514 1170 683 1212 Aeneae
722 1170 841 1221 dare,
883 1168 955 1222 qui
995 1168 1224 1221 conpulsus
1267 1167 1455 1222 auguriis
1496 1169 1560 1207 est
1598 1166 1789 1206 diversas
1822 1169 1976 1218 terras,
2016 1163 2096 1204 hoc

328 1252 368 1282 15
397 1246 460 1283 est
494 1257 514 1282 e
547 1241 720 1295 regione
754 1239 934 1293 positaS,
968 1253 1183 1292 quaerere.
1216 1239 1300 1279 ideo
1332 1238 1413 1290 <7>
1448 1237 1609 1278 ‘incerta’
1639 1250 1716 1288 qno
1745 1236 1836 1287 fata
1865 1234 2038 1287 ferant’.

396 1323 629 1353 DEsERTAS
670 1313 813 1352 autem
859 1325 883 1350 a
922 1309 1122 1350 Dardano
1163 1309 1323 1363 accipe,
1362 1323 1463 1349 nam
1500 1308 1657 1361 ubique
1695 1307 1846 1347 uberes
1889 1319 1980 1346 esse
2025 1320 2096 1346 eas

396 1384 597 1438 legimus,
630 1385 677 1422 ut
709 1380 756 1434 <1
783 1380 895 1433 531>
929 1381 1080 1433 atque
1113 1379 1267 1420 ubere
1301 1378 1527 1433 glaebae.
1576 1381 1649 1418 ant
1680 1375 1907 1429 ‘desertas'‚
1937 1379 1984 1417 at
2013 1377 2097 1429 qm·-

396 1455 491 1495 dam
521 1453 677 1506 volunt,
714 1465 817 1504 quas
848 1454 885 1491 et
916 1451 1118 1491 tenuimus
1149 1453 1185 1490 et
1216 1450 1480 1499 deseruimus,
1521 1452 1568 1490 nt
1598 1448 1761 1489 Cretam
1792 1451 1828 1489 et
1861 1447 2097 1489 Thraciam.

515 1523 553 1564 5.
603 1533 822 1563 AVGVRHS
850 1532 1028 1561 AGIMVR
1048 1532 1208 1561 DIVVM.
1239 1533 1318 1572 pro
1339 1520 1513 1572 ostentis,
1539 1520 1584 1560 id
1607 1522 1665 1560 est
1690 1533 1739 1559 ex
1771 1518 1957 1572 flamma,
1990 1532 2099 1572 quae

327 1606 370 1636 20
396 1599 592 1649 tempora
618 1592 794 1633 Ascanii
820 1595 944 1647 pasta
971 1593 1052 1645 est,
1086 1605 1210 1632 cursu
1244 1590 1414 1644 stellae,
1448 1588 1631 1630 Creusae
1664 1589 1965 1644 admonitione,
1992 1604 2098 1644 quae

397 1667 504 1707 dixit
537 1665 607 1719 <II
642 1664 753 1716 781>
788 1666 837 1713 et
869 1666 1058 1704 terram
1090 1660 1401 1715 Hesperiam
1434 1661 1620 1703 venies.

515 1737 550 1778 6.
604 1747 686 1776 SVB
725 1746 828 1775 IPSA
865 1744 1117 1774 ANTANDRO
1156 1732 1276 1772 iuxta
1314 1731 1597 1772 Antandrum.
1655 1734 1719 1772 est
1759 1734 1903 1772 autem
1949 1731 2098 1772 civitas

396 1807 620 1861 Phrygiae,
648 1805 763 1847 dicta
789 1804 1054 1858 Antandros,
1079 1804 1147 1844 vel
1174 1802 1284 1857 quod
1306 1802 1355 1843 de
1376 1802 1523 1843 Andro
1544 1802 1683 1843 insula
1703 1817 1797 1843 eam
1823 1802 2100 1843 condiderunt

399 1878 558 1931 coloni,
591 1877 713 1931 quasi
739 1873 835 1917 ἀντὶ
858 1872 1077 1929 ’Ἀνδροω
1113 1875 1179 1915 vel
1206 1874 1307 1928 quia
1335 1874 1485 1915 Graeci
1518 1874 1734 1914 venientes
1767 1888 1843 1927 per
1870 1873 2098 1915 Thraciam

327 1959 370 1989 ‘25
399 1963 545 2003 cepere
580 1947 856 2001 Polydorum,
894 1960 971 2000 pro
1013 1945 1130 1986 cuius
1163 1945 1306 1998 pretio
1339 1945 1449 1985 hanc
1482 1958 1680 1998 accepere
1714 1944 1952 1999 civitatem,
1991 1958 2098 1999 quae

400 2034 450 2060 ex
476 2019 589 2059 facto
616 2032 771 2058 nomen
798 2017 981 2070 accepit,
1012 2016 1270 2066 Antandros,
1303 2016 1348 2056 ‘e'sl
1377 2019 1437 2056 est
1457 2018 1626 2067 propter
1649 2016 1784 2056 virum
1802 2016 1921 2056 data:
1954 2029 2098 2069 quam-

401 2091 463 2131 vis
496 2090 593 2130 huic
627 2088 818 2142 opinioni
844 2087 1064 2140 Vergilius
1098 2101 1182 2127 non
1215 2085 1466 2126 consentiat.
1516 2086 1651 2126 fertur
1683 2088 1827 2126 tamen
1860 2086 1971 2139 quod
2002 2088 2101 2139 post

499 2247 513 2275 1
545 2242 634 2275 bene
663 2270 669 2275 .
699 2269 704 2275 .
735 2268 741 2274 .
768 2238 965 2284 imperium
990 2239 1070 2272 leab.
1101 2238 1133 2271 T
1150 2239 1161 2282 ΙΙ
1181 2239 1218 2272 et
1243 2248 1307 2272 om.
1336 2238 1374 2271 F
1390 2238 1402 2281 ΙΙ
1422 2236 1608 2281 suptiliter
1633 2237 1713 2271 FT
1730 2238 1741 2281 ΙΙ
1761 2242 1780 2271 2
1808 2239 2017 2272 commovet
2041 2238 2093 2271 in-

402 2288 540 2323 uidiam
565 2289 597 2321 T
613 2290 625 2332 ΙΙ
645 2299 726 2322 eam
751 2287 782 2320 Τ
798 2289 810 2330 ΙΙ
835 2297 981 2330 quoque
1011 2286 1044 2319 Τ
1066 2296 1160 2329 quae
1187 2285 1226 2318 F
1242 2286 1254 2328 Η
1278 2285 1505 2329 putabantur
1531 2285 1684 2318 deorum
1711 2284 1764 2318 F:
1796 2296 1870 2319 non
1894 2284 2098 2329 putabatur

401 2337 448 2370 ab
469 2336 592 2379 aliquo
613 2346 720 2380 posse
741 2334 879 2368 destrui
902 2334 934 2366 Τ
951 2334 963 2377 ΙΙ
983 2338 1003 2366 4
1023 2333 1069 2366 ab
1090 2344 1154 2367 om.
1177 2331 1216 2365 F
1232 2334 1243 2376 ΙΙ
1262 2332 1366 2365 illum
1387 2332 1426 2365 F
1442 2333 1453 2375 ΙΙ
1474 2336 1492 2365 6
1515 2334 1639 2366 coetos
1660 2331 1740 2365 FT
1756 2332 1768 2375 Η
1786 2332 1914 2366 beluas
1939 2331 2100 2366 marinas

402 2383 441 2417 F
450 2383 498 2425 T,
526 2383 667 2417 σοφή-0111
685 2383 697 2425 ΙΙ
716 2380 849 2416 troiam
871 2380 909 2414 F
925 2382 936 2424 ΙΙ
958 2385 975 2414 7
999 2380 1099 2413 bella
1120 2379 1158 2413 F
1175 2380 1186 2423 Η
1207 2379 1425 2413 comedebat
1448 2379 1480 2412 Τ
1488 2393 1497 2412 .·
1524 2379 1765 2413 consumebat
1791 2379 1830 2412 F
1845 2380 1857 2422 Η
1877 2383 1896 2413 8
1923 2378 2100 2413 Hercules

402 2430 457 2464 F:
490 2430 640 2474 quidam
671 2428 819 2463 nomine
852 2427 1021 2462 heroales
1057 2427 1089 2460 Τ
1111 2427 1129 2470 ΙΙ,
1153 2431 1195 2461 10
1227 2425 1395 2470 phrigiae
1424 2426 1456 2459 T
1479 2427 1490 2470 ΙΙ
1515 2426 1727 2471 imperium]
1762 2425 1951 2470 Neptunia
1976 2427 2100 2460 autem

403 2477 534 2519 Troia⁷
573 2476 660 2520 quia
697 2477 890 2520 Neptunus
926 2476 963 2508 et
1000 2474 1133 2518 Apollo
1175 2484 1256 2507 eam
1290 2474 1405 2507 cinxit
1434 2472 1563 2516 muris,
1603 2473 1697 2507 sicut
1734 2473 1982 2517 praediximus
2015 2473 2098 2507 aad.

402 2525 539 2558 Daniel
569 2525 581 2567 ΙΙ
615 2528 653 2557 11
684 2522 791 2556 multi
820 2550 855 2557 ..
877 2550 885 2557 .
913 2521 1039 2556 orbem
1065 2532 1129 2555 om.
1158 2521 1196 2554 F
1218 2521 1229 2564 ΙΙ
1257 2524 1297 2553 12
1325 2520 1423 2554 orbis
1455 2522 1580 2564 partes
1608 2520 1656 2553 M
1678 2521 1689 2563 ΙΙ
1716 2524 1757 2553 13
1785 2519 1994 2563 specialiter
2020 2547 2026 2553 .
2055 2548 2062 2554 .
2092 2547 2098 2553 .

403 2571 507 2616 dare]
545 2573 587 2603 ut
625 2570 835 2614 specialiter
873 2570 1081 2602 hocaencae
1120 2567 1224 2602 daret
1256 2567 1294 2600 F
1323 2569 1334 2610 ΙΙ
1368 2572 1409 2600 15
1443 2576 1461 2601 0
1494 2566 1661 2612 regione]
1694 2567 1732 2600 in
1768 2567 1915 2601 diuersa
1949 2566 2098 2610 regione

404 2619 442 2651 F
471 2619 481 2661 11
515 2622 556 2651 16
583 2617 723 2661 autem]
756 2618 872 2650 terras
899 2615 938 2648 F
966 2616 977 2658 ΙΙ
1004 2614 1140 2657 ubique
1173 2614 1370 2648 laudantur
1398 2615 1435 2647 et
1460 2614 1589 2648 uberes
1616 2614 1712 2648 Lton
1743 2615 1754 2658 ΙΙ
1786 2624 1847 2648 eas
1874 2625 1952 2648 esse
1978 2613 2011 2646 L
2037 2624 2099 2647 eas

404 2676 469 2699 om.
497 2665 536 2698 κ’
552 2666 563 2708 ΙΙ
585 2668 625 2698 17
653 2666 694 2697 ut
714 2690 720 2696 .
745 2691 750 2697 .
774 2690 780 2696 .
803 2663 958 2707 glaebae
980 2672 1044 2695 om.
1066 2661 1105 2694 F
1121 2663 1132 2705 11
1154 2666 1196 2695 18
1222 2661 1402 2695 trachiam
1424 2660 1463 2694 F
1478 2663 1490 2704 Η
1513 2664 1552 2694 19
1581 2661 1628 2694 ml
1647 2674 1828 2695 AVGVRHS:
1858 2660 1954 2695 inter
1980 2660 2099 2704 auspi-

405 2712 500 2746 cium
528 2715 565 2746 et
584 2710 777 2755 augurium
798 2710 913 2744 talem
933 2709 1149 2742 distantiam
1170 2708 1336 2742 fecerunt
1360 2709 1520 2751 ueteres,
1548 2708 1645 2751 quod
1672 2708 1721 2742 sit
1745 2707 1949 2752 auspicium
1975 2708 2099 2741 auium

405 2759 586 2803 inspectio
608 2762 645 2793 et
665 2768 758 2802 quae
779 2768 822 2791 ex
842 2756 970 2791 uolatu
990 2767 1115 2790 eorum
1137 2756 1175 2789 et
1195 2755 1345 2789 uocibus
1372 2755 1566 2799 augurium
1594 2758 1717 2790 autem
1743 2766 1863 2789 rerum
1890 2754 2101 2789 coniectura,

406 2807 602 2851 diligenter
635 2807 672 2839 et
702 2804 900 2849 prudenter
933 2802 1179 2847 amplectitur.
1218 2803 1247 2835 .Ἰ’
1270 2803 1281 2846 ΙΙ
1308 2803 1429 2846 mvvn]
1463 2801 1626 2846 auguriis
1653 2803 1736 2836 add.
1769 2802 1802 2835 L
1827 2803 1838 2845 ΙΙ
1864 2806 1907 2835 20
1933 2803 2100 2845 tempore

410 2854 472 2887 Me
490 2855 502 2897 ΙΙ
521 2853 631 2898 quae]
660 2852 748 2895 quia
775 2851 807 2885 L
832 2862 904 2894 qua
930 2851 971 2893 ΙΙΙ
991 2854 1032 2883 21
1062 2849 1112 2894 et]
1141 2849 1187 2883 ad
1215 2849 1289 2882 FL
1311 2851 1321 2893 ΙΙ
1342 2853 1384 2882 23
1413 2849 1593 2884 antandro
1613 2849 1698 2882 LH
1719 2848 1847 2892 (andro
1874 2849 1899 2890 l)
1920 2849 1931 2892 ΙΙ
1951 2852 1996 2881 24
2021 2847 2099 2881 anti

407 2901 540 2934 andros
568 2900 605 2933 F
630 2911 838 2933 ,xx'mamvoi
867 2898 898 2930 L
925 2896 1124 2941 (contraria
1144 2896 1230 2929 uiris
1256 2906 1429 2940 sapersvr.
1452 2897 1477 2939 l)
1505 2908 1573 2940 1η)Υ
1599 2908 1739 2930 anapor
1765 2895 1808 2928 H
1829 2895 2024 2928 antiandru
2052 2894 2100 2928 M

407 2948 624 2981 antianum
659 2947 698 2979 E
723 2948 734 2989 ΙΙ
763 2949 806 2979 ‘25
846 2945 957 2989 hanc]
997 2957 1023 2977 s.
1056 2955 1078 2977 a
1109 2943 1249 2987 priamo
1281 2955 1378 2986 supr.
1414 2954 1500 2977 rers.
1533 2944 1616 2978 add.
1649 2944 1661 2977 l
1692 2946 1723 2976 et
1755 2942 1792 2975 J)
1822 2943 1834 2986 ΙΙ
1866 2952 1994 2985 cepere
2028 2941 2067 2974 F
2089 2942 2100 2986 l

408 3000 451 3027 213
478 2994 634 3038 accepit]
669 2993 773 3036 ‹cluasi
800 2989 883 3025 ἀντὶ
909 2988 1048 3034 ἀνδρὸς
1073 2991 1155 3024 add.
1184 2990 1231 3032 VI),
1253 2990 1357 3033 quasi
1384 2987 1466 3023 ἀντὶ
1493 2987 1630 3033 ἀνδρὸς
1657 2989 1700 3023 id*
1720 2990 1776 3022 est
1801 2999 1865 3032 pro
1892 2988 1983 3031 viro,
2011 2988 2098 3032 quia

409 3052 472 3084 pro
494 3040 746 3085 redemptione
767 3038 938 3083 Polydori
964 3038 1051 3072 data
1075 3037 1148 3071 fuit
1173 3037 1256 3071 add.
1281 3036 1480 3071 J‹'«l›1·1·cias
1499 3039 1510 3081 ΙΙ
1530 3036 1701 3080 quamvis
1724 3063 1730 3070 .
1749 3063 1754 3070 .
1772 3063 1779 3069 .
1802 3035 2008 3070 consentiat
2033 3046 2099 3070 om.

409 3087 447 3120 F
464 3089 475 3131 11
495 3092 536 3121 ⁴27
565 3087 678 3132 quod]
707 3087 793 3130 quia
814 3086 853 3120 F
