2204 3437
350 924 392 954 10

353 1279 394 1309 15

355 1635 398 1665 20

414 166 500 208 604
1178 161 1335 197 SERVII

532 275 599 316 93.
648 285 854 315 DEPASTA
876 284 1076 314 AL'rARIA
1102 269 1297 313 ‘altaria'
1329 269 1473 323 species
1497 282 1681 310 ararum.
1730 267 1936 322 ‘depasta’
1962 271 2106 317 autem,

414 360 498 387 non
531 360 554 386 a
587 359 649 386 se:
681 359 781 386 nam
816 358 943 397 supra
975 343 1037 384 ait
1070 341 1327 395 ‘libavitque
1353 337 1524 392 dapes'3
1559 338 1632 379 sed
1664 338 1746 380 hoc
1770 338 1892 380 dicit:
1923 341 2012 380 tam
2039 338 2109 379 diu

414 416 663 470 permansit,
697 430 824 469 quam
859 415 930 456 diu
963 416 1115 456 cuncta
1149 413 1234 453 aris
1268 410 1539 465 superposita
1570 409 1742 451 flamma
1774 413 2052 451 consumeret.

533 487 600 529 95.
650 498 888 527 GENIVMNE
920 497 1027 528 LOCI
1061 485 1172 539 quia,
1205 485 1253 524 ut
1285 481 1487 536 diximus,
1519 481 1661 522 nullus
1695 481 1812 522 locus
1846 481 1936 522 sine
1969 480 2108 534 genio.

505 569 789 599 FAMVLVMNE
822 568 1048 598 PARENTIS
1081 555 1163 597 fuit
1189 553 1302 595 enim
1327 553 1433 594 haec
1460 553 1669 593 maiorum
1698 551 1972 605 consuetudo,
2004 551 2114 592 sicut

415 629 625 684 hodieque
658 628 770 682 apud
802 627 930 670 Indos
963 630 1049 680 est,
1081 629 1127 667 ut
1166 624 1362 679 quotiens
1402 636 1525 677 reges
1564 622 1875 675 moriebantur,
1912 636 2007 663 cum
2045 620 2112 662 his

416 700 559 741 dilecti
592 699 689 754 equi
720 699 785 740 vel
821 699 932 740 servi
966 701 1007 739 et
1039 712 1124 738 una
1163 696 1213 737 de
1254 694 1457 736 uxoribus
1498 693 1637 734 carior
1674 694 1781 734 circa
1817 706 1961 746 royum
1997 691 2115 733 occisi

416 771 757 823 incenderentur,
789 770 901 811 inter
933 784 1038 824 quas
1072 767 1123 809 de
1154 766 1235 808 hoc
1267 766 1361 820 ipso
1403 767 1496 806 erat
1534 777 1691 819 magna
1728 764 1957 805 contentio.
2018 777 2114 817 pos-

417 858 562 884 sumus
595 855 696 896 ergo
731 839 982 882 ‘famulum'
1018 854 1187 880 servum
1215 837 1429 891 sepultum
1456 850 1551 877 cum
1573 826 1764 877 Anchisa
1791 834 1993 889 accipere.
2038 836 2112 875 aut

418 928 493 968 per
526 912 782 968 apotheosin
813 912 938 954 deum
971 909 1160 952 ostendit
1193 908 1403 950 effectum:
1437 906 1546 948 unde
1573 906 1611 947 ei
1636 905 1847 947 famulum
1874 905 1960 959 dat,
1993 904 2115 959 quasi

419 984 684 1039 ministrum3
716 983 888 1038 singula
920 981 1034 1023 enim
1065 980 1241 1021 numina
1272 977 1433 1019 habent
1473 977 1698 1018 inferiores
1730 977 1967 1031 potestates
1999 976 2117 1028 quasi

419 1055 652 1109 ministras,
683 1057 731 1095 ut
764 1054 909 1095 Venus
942 1052 1143 1106 Adonim,
1175 1049 1313 1091 Diana
1344 1048 1557 1089 Virbium.
1618 1050 1692 1089 aut
1730 1049 1853 1104 certe
1884 1045 2114 1088 secundum

419 1126 713 1181 Pythagoram
741 1125 855 1179 dicit,
883 1123 955 1178 qui
981 1123 1146 1177 primus
1175 1118 1466 1175 deprehendit,
1494 1118 1544 1159 de
1571 1118 1757 1159 medulla
1783 1117 1983 1171 hominis,
2009 1131 2116 1171 quae

420 1200 486 1238 est
517 1197 562 1237 in
595 1197 728 1251 spina,
761 1210 946 1251 anguem
979 1193 1132 1236 creari:
1172 1191 1282 1247 quod
1320 1190 1451 1232 etiam
1485 1188 1660 1230 Ovidius
1694 1189 1738 1230 in
1771 1189 1920 1243 quinto
1954 1188 2117 1230 decimo

422 1267 563 1322 <389>
596 1267 1001 1321 metamorphoseon
1033 1264 1137 1306 dicit
1168 1263 1366 1317 loquente
1398 1260 1659 1315 Pythagora.

540 1340 608 1380 97.
658 1349 919 1380 NIGRANTES
952 1347 1106 1377 TERGA
1136 1335 1261 1390 nigra
1292 1337 1416 1388 terga
1446 1331 1667 1372 habentes.

541 1411 607 1451 99.
657 1421 901 1460 MANESQVE
941 1417 1223 1449 ACHERONTE
1262 1414 1483 1446 REM1ssos
1523 1405 1597 1443 aut
1641 1401 1860 1443 venientes
1900 1400 1949 1441 de
1987 1400 2120 1441 Ache-

423 1484 546 1523 ronte
584 1482 640 1522 ad
675 1481 779 1522 hanc
809 1479 1158 1534 parentationem.·
1204 1480 1278 1517 aut
1322 1476 1434 1516 certe
1479 1472 1705 1514 ‘remissos
1749 1470 2010 1513 Acheronte'
2050 1471 2122 1525 qui

423 1553 509 1594 iam
541 1553 585 1594 in
618 1552 861 1593 Acheronte
894 1565 980 1592 non
1013 1551 1156 1591 essent
1193 1550 1293 1602 post
1330 1544 1586 1599 apotheosin
1623 1543 1791 1585 factam.
1940 1558 2124 1584 REMISSOS

428 1627 471 1665 ut
500 1624 806 1665 remitterentur.
2069 1594 2078 1603 fl

546 1695 640 1736 100.
692 1711 794 1741 QVAE
818 1709 960 1740 CVIQVE
984 1708 1056 1733 EST
1080 1707 1185 1732 COPIA
1211 1702 1288 1742 pro
1319 1701 1396 1729 sua
1427 1687 1593 1740 quisque
1620 1686 1826 1738 facultate.

548 1767 642 1807 101.
692 1781 809 1806 LAETI
833 1781 934 1806 DONA
961 1779 1117 1804 FERVNT
1146 1761 1320 1802 alacres:
1354 1759 1519 1800 libenter
1559 1761 1596 1799 et
1624 1758 1705 1811 ipsi
1736 1756 1950 1808 conferunt
1976 1768 2121 1808 parcn—

428 1838 584 1879 tationi.

549 1908 643 1949 102.
694 1924 790 1948 FVSJ
822 1907 867 1947 iel
895 1909 953 1947 est
982 1905 1113 1946 strati.

549 1978 643 2020 105.
692 1987 984 2019 PHAETONTIS
1025 1973 1156 2028 Solis,
1195 1969 1277 2014 ἀπὸ
1318 1972 1397 2013 τοῦ
1436 1972 1626 2025 φαίνειν.
1686 1984 1784 2011 sane
1820 1970 1866 2010 dc
1902 1967 2124 2010 Phaetonte

428 2050 614 2103 fabulam
646 2050 691 2090 ‘ln
722 2050 870 2090 decimo
904 2046 1047 2101 <180>
1074 2045 1237 2100 plenius
1271 2043 1454 2085 invenies.

526 2147 546 2177 5
579 2140 650 2176 fuit
682 2141 780 2176 enim
807 2170 814 2175 .
843 2168 849 2174 .
878 2168 884 2174 .
912 2140 1086 2183 loquente
1112 2136 1342 2181 Pythagora]
1379 2146 1490 2170 exscr.
1518 2133 1702 2178 mythogr.
1730 2132 1780 2167 ΙΙΙ
1808 2137 1844 2177 6,
1873 2136 1915 2167 19
1947 2133 1958 2175 ΙΙ
1997 2135 2039 2165 12
2065 2132 2129 2164 aut

432 2191 530 2225 certe
560 2217 566 2223 .
596 2218 601 2223 .
632 2217 638 2223 .
665 2189 839 2232 loquente
866 2186 1093 2231 Pythagora]
1122 2186 1164 2220 cf.
1194 2184 1277 2219 Isid.
1306 2194 1356 2217 or.
1383 2182 1451 2216 XII
1479 2186 1510 2225 4,
1537 2185 1580 2215 48

531 2277 547 2306 1
575 2271 744 2316 AL'rAmA]
774 2283 890 2309 movir
916 2270 999 2304 (ald.
1027 2268 1066 2302 F
1102 2281 1131 2301 L.
1160 2268 1241 2302 add.
1271 2266 1300 2301 C'
1329 2267 1340 2310 ΙΙ
1373 2269 1392 2299 2
1420 2264 1484 2299 sed
1508 2264 1575 2298 hoc
1602 2262 1693 2297 dicit
1718 2263 1755 2296 in
1783 2272 1854 2297 ras.
1884 2262 1896 2296 I
1921 2262 1932 2305 ΙΙ
1963 2263 2040 2295 tam
2066 2260 2128 2294 din

434 2320 636 2365 permansit
667 2330 778 2362 quam
811 2317 874 2352 diu
901 2316 990 2360 FO,
1024 2316 1098 2350 msa·
1129 2315 1223 2359 quod
1254 2325 1364 2357 quam
1398 2312 1435 2346 di
1461 2311 1514 2346 F:
1547 2312 1626 2345 tam
1658 2309 1720 2344 diu
1746 2309 1837 2343 NH
1870 2320 1981 2353 quam
2007 2308 2070 2342 diu
2096 2308 2130 2340 L

433 2372 509 2403 tam
537 2367 599 2401 diu
626 2367 742 2401 donec
765 2365 813 2399 M
819 2366 830 2400 Z
849 2366 861 2409 ΙΙ
881 2369 899 2398 3
928 2362 1163 2408 supraposita
1183 2361 1261 2395 NL
1281 2361 1292 2405 ΙΙ
1310 2359 1475 2404 flamma]
1503 2369 1605 2393 sacer
1630 2357 1726 2402 ignis
1749 2356 1788 2390 F
1804 2358 1815 2401 ΙΙ
1835 2356 2044 2391 absumeret
2062 2354 2101 2388 F
2119 2354 2129 2400 ³,

433 2420 454 2450 4
481 2428 658 2449 cuxivnviz
687 2414 734 2447 M
751 2414 763 2458 ll
782 2414 823 2447 ut
849 2424 912 2446 om.
943 2412 971 2445 C
989 2413 999 2455 Η
1019 2412 1060 2444 ut
1085 2409 1257 2453 diximus]
1284 2409 1326 2441 ut
1352 2418 1461 2451 supra
1487 2405 1580 2440 dixit
1606 2405 1653 2438 M
1667 2405 1679 2448 11
1699 2408 1718 2438 ἴ)
1745 2416 1864 2437 ΡΑἯΠε
1891 2403 1976 2437 LH
1990 2404 2002 2447 Η
2031 2407 2050 2436 6
2075 2401 2129 2436 in-

434 2463 513 2497 dios
540 2462 579 2496 1³
595 2463 606 2506 ΙΙ
634 2466 651 2496 7
680 2459 815 2495 delecti
843 2460 889 2493 M
907 2460 918 2503 ΙΙ
945 2462 964 2492 8
991 2456 1275 2492 mconderentur
1304 2454 1369 2499 Fu
1395 2460 1463 2488 1100
1490 2464 1556 2487 om.
1583 2453 1625 2486 H
1641 2453 1652 2495 ΙΙ
1678 2456 1697 2485 9
1726 2451 1830 2496 ergo]
1858 2451 1982 2485 autem
2007 2449 2098 2484 NH
2118 2459 2129 2493 ῃ

435 2510 514 2554 aut]
543 2521 651 2553 quem
680 2508 719 2541 F
726 2509 754 2542 (J
780 2508 792 2551 ΙΙ
822 2511 864 2540 10
892 2504 1111 2550 apotheosin
1138 2502 1344 2537 diuinitatis
1371 2499 1686 2536 confirmationem
1713 2499 1796 2533 add.
1825 2497 1864 2532 F
1871 2497 1900 2532 Ο
1916 2499 1928 2542 ΙΙ
1956 2501 1996 2531 11
2024 2495 2129 2530 mini-

436 2559 551 2592 strum
577 2568 620 2589 m:
646 2555 891 2589 ministerium
921 2554 968 2587 M
992 2554 1003 2596 ΙΙ
1035 2556 1075 2586 12
1102 2551 1250 2585 adonim
1276 2549 1375 2583 NL:
1402 2548 1545 2583 adonen
1572 2546 1612 2580 F
1646 2546 1803 2580 adonem
1830 2544 1860 2579 C
1883 2548 1914 2579 et
1938 2555 2032 2579 mem.
2060 2554 2127 2578 rec.

436 2607 475 2639 ¹in
502 2605 533 2637 L
577 2603 712 2638 adonin
740 2602 783 2635 H
822 2602 941 2636 adona
969 2600 1024 2633 M.
1070 2599 1114 2641 cf.
1141 2599 1243 2632 Neue
1270 2596 1452 2631 Formenl.
1486 2596 1500 2628 I
1527 2606 1566 2639 2³.
1594 2598 1661 2628 573
1695 2594 1746 2628 ecl.
1774 2593 1807 2626 Il
1843 2594 1855 2636 ΙΙ
1893 2591 2060 2626 uerbium
2094 2590 2134 2624 F

437 2652 596 2685 uiruium
625 2651 712 2684 NH
729 2651 740 2694 ΙΙ
763 2654 803 2683 13
831 2649 1078 2693 phytagoram
1104 2644 1190 2679 FN
1225 2645 1460 2689 phitagoram
1488 2642 1529 2676 H
1566 2643 1786 2686 pytagoram
1813 2639 1903 2673 LM
1920 2640 1932 2684 ΙΙ
1953 2642 1996 2673 14
2025 2638 2131 2673 oboe-

438 2699 519 2732 dius
548 2698 577 2731 C
614 2697 759 2732 auidius
787 2696 826 2730 Η
845 2698 856 2740 ΙΙ
881 2694 1010 2738 quinto
1037 2692 1196 2737 decimo]
1224 2706 1286 2726 xm.
1315 2691 1347 2725 L
1373 2692 1384 2735 ΙΙ
1416 2694 1455 2724 15
1483 2690 1710 2734 phytagoras
1739 2687 1777 2721 F
1812 2685 1984 2731 pitagora
2008 2685 2132 2719 NLH

438 2748 619 2790 pytagora
647 2745 695 2778 M
712 2746 723 2788 ΙΙ
745 2748 785 2777 17
814 2754 993 2777 Aviznox'rss
1020 2740 1064 2774 H
1098 2751 1303 2773 Ammnox'rn
1330 2738 1377 2772 M
1392 2739 1403 2781 ΙΙ
1424 2750 1582 2770 nnussos
1612 2736 1668 2779 M,
1695 2745 1785 2769 corr.
1809 2745 1842 2768 m
1861 2734 1873 2778 ΙΙ
1893 2733 2070 2767 aheronte
2096 2730 2136 2765 F

439 2794 638 2827 acherunte
669 2792 704 2824 Il
723 2794 734 2835 u
757 2795 798 2825 18
825 2790 871 2824 ad
897 2790 993 2823 hanc
1018 2787 1313 2832 parentatiouem
1340 2785 1452 2820 edidit
1479 2784 1684 2827 Stephanus
1703 2783 1714 2826 Η
1733 2780 2034 2826 parentacionem
2062 2778 2100 2812 F
2122 2783 2133 2823 ᾗ

440 2842 504 2874 aut
531 2869 536 2874 .
566 2867 571 2873 .
600 2868 607 2874 .
634 2839 843 2873 Acheronte
870 2848 934 2871 om.
963 2835 1058 2877 LH,
1084 2834 1181 2869 certe
1209 2861 1215 2867 .
1245 2861 1251 2867 .
1281 2861 1287 2867 .
1315 2832 1524 2866 Acheronte
1551 2841 1614 2864 om.
1642 2829 1685 2863 N
1699 2831 1711 2873 ΙΙ
1737 2829 1935 2863 acheronte
1961 2826 2133 2861 remissos

442 2888 488 2921 M
513 2889 524 2931 Η
552 2891 593 2920 19
620 2886 758 2920 factam
785 2896 849 2918 om.
878 2883 953 2918 FC
969 2884 980 2926 ΙΙ
1007 2881 1224 2926 apotheosin
1250 2880 1421 2915 remissos
1448 2879 1489 2911 ut
1515 2877 1792 2912 remitterentur
1816 2876 1902 2919 post
1926 2873 2132 2908 diuinitatis

440 2934 759 2968 confirmationem
782 2932 829 2974 F,
857 2930 1073 2975 apotheosin
1100 2928 1137 2962 id
1163 2930 1219 2962 est
1245 2928 1325 2971 (1(Ιέ
1349 2927 1391 2969 C)
1417 2926 1503 2969 post
1528 2923 1736 2958 diuinitatis
1757 2921 2072 2958 confirmationem
2095 2920 2132 2954 C.

441 2983 531 3016 ‘idem
561 2982 674 3015 edidit
700 2980 904 3023 Stephanus
936 2978 948 3021 ΙΙ
985 2981 1027 3011 21
1056 2977 1103 3010 acl
1130 2986 1223 3019 quae
1251 2987 1279 3010 c.
1308 2975 1337 3009 c.
1366 2985 1395 3008 0.
1422 2983 1521 3016 supr.
1548 2982 1634 3006 vers.
1662 2981 1729 3014 pro
1757 2998 1763 3005 .
1793 2997 1799 3004 .
1828 2997 1834 3003 .
1860 2968 2040 3003 facultate
2071 2966 2104 3000 T
2124 2988 2135 3012 xz

442 3033 484 3061 ‘2⁶2
513 3029 560 3062 «cl
586 3027 677 3062 lacti
703 3038 801 3070 supr.
829 3036 915 3060 vers.
943 3025 1100 3066 alacres,
1134 3023 1181 3056 ad
1207 3022 1303 3056 dona
1329 3022 1351 3054 f.
1379 3031 1478 3064 supr.
1504 3030 1592 3054 vers.
1620 3017 1762 3052 scilicet
1794 3015 2042 3060 parentationi
2072 3014 2104 3047 Τ
2124 3049 2135 3057 „

442 3075 704 3119 parentacione
732 3073 771 3107 F
805 3071 1101 3117 parentationem
1128 3069 1264 3103 Daniel
1284 3069 1428 3111 primus
1446 3068 1458 3111 ΙΙ
1478 3070 1522 3100 24
1549 3066 1596 3100 ad
1621 3065 1694 3098 fusi
1719 3075 1817 3108 supr.
1838 3073 1925 3097 ver-3.
1947 3062 2053 3097 strati
2077 3060 2110 3095 T
2124 3063 2135 3106 ΙΙ

443 3126 486 3155 ‘25
520 3132 589 3158 ano
624 3132 690 3156 1·οκ
724 3129 830 3164 φιιικε
859 3120 897 3154 F
938 3129 1008 3152 ano
1042 3129 1109 3150 101ν
1136 3126 1245 3160 ‹pame
1274 3116 1303 3149 (J
1344 3125 1416 3149 ano
1442 3124 1485 3148 'ro
1513 3122 1686 3157 spsxmxom
1711 3111 1744 3145 L
1791 3121 1862 3145 ano
1887 3122 1952 3143 ‘roy
1978 3117 2097 3150 spemn<
2123 3109 2135 3142 l
