2204 3437
378 156 474 190 XLII
1084 158 1364 195 PRAEFATIO.

377 268 603 306 caslrorum
643 270 825 321 vocatur,
866 268 969 309 sicut
1008 268 1195 320 superius
1237 269 1389 310 dictum
1430 272 1487 310 cst
1529 269 1749 312 simillima
1788 275 1886 314 sunt
1917 273 1985 315 his
2019 275 2071 316 ad

378 335 483 376 Aen.
515 336 531 376 I
567 337 621 377 83
655 337 828 378 scholiis
868 353 1000 379 PORTA
1045 339 1175 379 omnis
1213 340 1342 381 exitus
1367 343 1491 393 porta
1521 341 1688 394 dicitur,
1736 344 1855 395 quasi
1885 357 1966 397 qua
1996 360 2071 398 po-

379 409 451 447 fest
497 408 557 448 vel
605 409 822 460 importari
870 409 929 450 vel
979 410 1186 462 exportare·
1235 410 1401 463 aliquid.
1474 412 1564 462 [aut
1611 412 1697 452 ideo
1748 412 1927 469 ‘porta',
1971 417 2070 468 quia

379 476 580 531 ‘ammine’
619 479 799 528 dixeram
845 493 943 520 nam
970 483 1094 532 porta
1129 481 1298 533 proprie
1334 484 1407 522 aut
1449 480 1562 522 urbis
1607 485 1681 523 aut
1721 487 1946 526 castrorum
1983 489 2070 539 cst]

378 547 598 589 dubitasse
631 548 824 590 videntur
859 552 1020 591 veteres
1053 550 1309 604 interpretes
1344 566 1416 592 cur
1441 554 1610 606 portam
1643 553 1798 596 dixerit
1829 558 1957 609 poeta
1989 557 2073 598 exi-

378 621 469 660 tum
509 619 560 659 ab
594 620 726 661 Aeolo
769 620 908 661 ventis
946 624 1156 675 paratum.
1208 625 1335 677 atque
1375 622 1546 664 Servius
1586 638 1676 664 rem
1716 625 1966 679 simpliciter
2006 641 2072 668 ex-

380 690 551 743 pedivit,
585 690 694 731 alter
721 690 973 732 scholiastes
1001 691 1204 733 subtilius
1226 692 1277 733 ad
1305 692 1517 747 ‘agmine’
1545 693 1777 735 militarem
1804 709 1963 751 vocem,
1989 712 2073 752 qua

379 761 421 801 in
462 760 658 815 proximo
700 775 825 802 versu
866 760 1088 815 Vergilius
1137 778 1237 803 usus
1277 766 1382 817 erat,
1423 765 1690 819 provocavit,
1732 767 1780 806 ut
1819 769 1989 820 portam
2032 770 2074 809 et

379 832 496 873 urbis
539 834 581 872 et
621 834 860 874 castrorum
902 833 1120 887 propriam
1165 833 1298 875 fuisse
1345 834 1527 877 doceret.
1587 839 1816 890 utrumque
1861 837 2073 880 scholium

378 903 540 943 Isidoro
575 904 795 957 cognitum
822 903 923 958 fuit,
961 918 1097 958 neque
1138 904 1378 946 dubitarem
1420 906 1522 959 quin
1553 907 1722 960 plenius
1763 906 1899 949 Servii
1938 923 2073 950 exem-

378 973 473 1027 plar
506 974 544 1014 ei
572 974 623 1015 ad
644 988 818 1015 manum
851 974 982 1015 fuisse
1015 975 1308 1030 concederem,
1339 977 1422 1018 nisi
1454 976 1520 1017 his
1555 992 1662 1032 quae
1690 978 1919 1020 revocandi
1945 994 2073 1022 causa

379 1044 525 1085 addita
558 1047 657 1085 sunt
688 1046 791 1087 sicut
820 1046 1007 1098 superius
1038 1047 1190 1087 (lictum
1222 1050 1278 1087 cst
1310 1047 1550 1101 impedirer.
1604 1063 1711 1103 quae
1738 1064 1833 1090 cum
1858 1065 1994 1104 neque
2023 1051 2074 1093 ad

380 1131 437 1156 or.
470 1115 529 1156 IX
563 1116 608 1168 3,
641 1116 696 1156 44
734 1130 870 1170 neque
910 1117 961 1157 ad
998 1116 1076 1157 XV
1110 1118 1153 1170 2,
1190 1118 1260 1171 13,
1299 1118 1452 1172 quibus
1491 1119 1596 1160 locis
1635 1119 1685 1160 de
1725 1120 1876 1162 castris
1917 1122 2073 1177 agitur,

381 1201 427 1227 ac
458 1201 512 1226 ne
540 1185 592 1226 ad
619 1185 699 1227 XV
714 1187 765 1240 2,
798 1187 823 1227 3
852 1187 1039 1241 quidem,
1072 1187 1146 1228 ubi
1174 1187 1349 1230 Catonis
1383 1188 1432 1229 de
1466 1190 1569 1230 urbe
1604 1190 1821 1232 condenda
1846 1195 2075 1246 praecepta

380 1259 770 1298 commemorantur
816 1257 884 1298 sed
938 1261 1178 1300 castrorum
1225 1259 1345 1300 nulla
1389 1261 1548 1301 mentio
1592 1260 1659 1315 fit,
1704 1261 1850 1303 referri
1895 1263 2076 1316 possint,

381 1329 566 1382 suspicio
602 1328 756 1382 oritur,
797 1328 1009 1370 Isidorum
1047 1333 1207 1371 temere
1246 1344 1295 1371 ea
1329 1345 1378 1371 ex
1411 1330 1574 1372 scholio
1613 1332 1725 1386 quod
1770 1333 2078 1376 transcriberet

381 1400 629 1453 arripuisse,
662 1414 756 1440 cum
790 1401 1042 1454 praesertim
1074 1400 1164 1441 eius
1197 1401 1311 1442 modi
1350 1401 1596 1443 remittendi
1634 1402 1845 1444 formulae
1876 1404 1920 1444 in
1953 1404 2074 1446 scho—

378 1470 447 1511 liis
468 1470 733 1525 Vergilianis
755 1470 1126 1525 frequentissimae
1160 1471 1246 1512 sint
1267 1470 1337 1527 (cf.
1362 1487 1400 1526 p.
1420 1471 1554 1527 XIV).
1606 1476 1732 1528 atque
1764 1474 1960 1515 voluerat
1991 1474 2075 1516 for-

380 1545 494 1587 tasse
528 1541 737 1595 interpres
777 1542 849 1582 ille
888 1541 1099 1583 scholium
1140 1542 1313 1596 aliquod
1352 1542 1402 1583 ad
1441 1556 1586 1597 georg.
1618 1543 1679 1584 IV
1715 1545 1767 1586 78
1811 1545 2075 1600 adscriptum

380 1614 422 1653 in
455 1612 704 1653 memoriam
739 1612 949 1667 revocari,
988 1627 1113 1666 quem
1152 1612 1204 1653 ad
1242 1627 1411 1653 versum
1449 1612 1498 1654 de
1535 1614 1716 1655 militari
1755 1618 1802 1656 ut
1839 1615 1901 1656 ita
1937 1616 2075 1657 dicam

380 1685 603 1738 portarum
644 1698 724 1723 usu
766 1683 846 1724 dici
888 1683 1079 1736 potuisse
1119 1697 1244 1724 nemo
1286 1683 1473 1737 negabit.
1531 1699 1646 1738 quae
1684 1685 1719 1726 si
1760 1689 1874 1727 recte
1917 1687 2076 1728 conieci

383 1754 679 1797 Cassellanum
713 1753 765 1795 ad
800 1752 902 1795 Aen.
934 1754 954 1795 Ι
988 1754 1042 1795 83
1076 1754 1288 1795 scholium
1320 1769 1407 1795 non
1433 1757 1498 1796 est
1528 1754 1682 1810 Servii,
1716 1771 1839 1810 quem
1874 1758 2077 1812 georgica

380 1828 479 1879 post
514 1824 743 1866 Aeneidem
776 1825 1106 1879 interpretatum
1140 1839 1231 1866 esse
1265 1827 1446 1867 constat.

501 1895 567 1938 Or.
600 1895 682 1936 XV
710 1897 754 1950 8,
787 1896 812 1937 8
844 1895 1034 1936 Isidorus
1060 1896 1283 1950 vulgatum
1317 1895 1369 1936 ad
1403 1895 1506 1938 Aen.
1531 1897 1552 1938 I
1579 1896 1664 1939 505
1693 1898 1903 1939 scholium
1929 1900 2075 1953 paucis

382 1967 560 2008 mutatis
575 1967 845 2020 transcripsit
859 1967 979 2020 eique
996 1966 1158 2007 addidit
1174 1981 1280 2021 quae
1302 1967 1413 2008 inter
1435 1966 1571 2009 Servii
1589 1968 1722 2010 libros
1737 1984 1845 2010 unus
1864 1967 2076 2011 Cassella-

382 2053 463 2079 nus
495 2037 626 2079 habet
658 2036 716 2092 (p.
753 2038 852 2091 158,
886 2037 929 2093 6)
962 2038 1039 2078 aliz?
1065 2038 1301 2079 testudinem
1326 2039 1466 2080 volum}
1495 2053 1576 2081 esse
1603 2040 1731 2082 locum
1759 2040 1803 2081 in
1829 2044 1952 2093 parte
1977 2043 2078 2083 atrii

383 2110 598 2151 adversum
637 2109 894 2150 venientibus.
955 2123 1089 2162 neque
1131 2112 1276 2150 tamen
1323 2110 1547 2164 probabile
1590 2113 1655 2152 est
1696 2125 1717 2151 e
1759 2111 1902 2152 codice
1944 2111 2076 2166 ipsius

384 2178 623 2221 Cassellani
665 2179 796 2220 simili
845 2179 949 2220 haec
994 2180 1129 2233 petita
1170 2195 1273 2221 esse.
1335 2195 1437 2221 nam
1482 2196 1589 2235 quae
1621 2181 1732 2222 inter
1774 2181 1998 2236 vulgatum
2036 2185 2079 2224 et

384 2250 566 2291 alterum
601 2250 811 2292 scholium
843 2250 985 2303 posita
1018 2253 1118 2292 sunt
1151 2249 1207 2306 (p.
1243 2251 1344 2305 157,
1377 2251 1432 2292 20
1458 2277 1513 2280 —
1539 2267 1577 2306 p.
1610 2253 1708 2306 158,
1741 2250 1785 2308 6>
1818 2267 2086 2307 quamquam·

383 2336 469 2363 non
500 2323 702 2376 poterant
733 2336 818 2362 non
846 2320 1099 2374 dignissima
1124 2321 1257 2362 videri
1286 2337 1394 2376 quae
1429 2323 1733 2377 reciperentur,
1765 2322 1956 2365 Isidorus
1992 2338 2076 2365 non

385 2392 622 2445 exscripsit.
673 2394 745 2432 aut
784 2391 915 2446 igitur
958 2391 1091 2432 alium
1122 2395 1292 2446 praeter
1330 2392 1581 2434 Servianum
1621 2394 1974 2435 commentarium
2013 2394 2074 2435 in-

387 2463 542 2516 spcxit,
576 2465 648 2503 aut
681 2477 729 2503 ex
757 2462 970 2517 originum
997 2458 1106 2503 libro
1134 2463 1177 2504 in
1203 2463 1438 2517 pleniorem
1460 2464 1646 2505 codicem
1672 2465 1802 2505 verba
1834 2464 1911 2505 illa
1940 2466 2077 2506 trans-

387 2534 477 2574 lata
510 2535 618 2574 sunt.
667 2533 778 2574 idem
811 2533 1083 2574 iudicandum
1105 2536 1169 2574 est
1202 2532 1252 2573 dc
1273 2533 1340 2573 his
1373 2534 1525 2575 Isidori
1551 2534 1693 2576 verbis
1715 2532 1793 2589 (or.
1813 2532 1893 2574 XV
1918 2534 1982 2587 16,
2005 2532 2077 2588 11)

385 2605 559 2646 divortia
597 2607 691 2644 sum
728 2604 858 2655 flexus
897 2604 1077 2654 viarum,
1120 2603 1191 2644 7200
1227 2607 1283 2645 cst
1318 2604 1407 2645 v‘e'ctc
1444 2605 1487 2645 -ἰη
1527 2605 1686 2646 diversa
1724 2605 1934 2646 tendentes.
1983 2605 2078 2645 item

385 2675 622 2716 diverticula]
652 2678 764 2728 sunt,
802 2674 872 2715 hoc
911 2678 968 2715 cst
1005 2675 1183 2715 detersae
1223 2688 1270 2715 ac
1301 2675 1454 2716 divisae
1492 2675 1580 2715 viae
1612 2676 1693 2716 sive
1731 2679 1985 2717 firmum-orsae
2020 2688 2077 2716 se—

385 2747 526 2797 mitae,
564 2760 667 2799 quac
703 2749 797 2787 semel
835 2760 861 2786 (ι
901 2746 1022 2787 latere
1059 2746 1147 2786 ‘ciac
1185 2760 1280 2786 cum
1320 2745 1483 2787 scholio
1524 2746 1575 2786 ad
1615 2746 1718 2787 Aen.
1751 2745 1812 2786 IX
1847 2745 1930 2786 379
1965 2745 2078 2800 quod

386 2818 499 2858 infra
543 2817 693 2871 scripsi
739 2816 1014 2869 comparatis:
1085 2830 1139 2855 ΑΙ)
1186 2830 1392 2856 mrmerm
1445 2817 1550 2867 [viae
1591 2816 1635 2856 z'n
1678 2817 1838 2857 diversa
1881 2816 2079 2856 tendentes

384 2888 456 2929 hoc
491 2889 565 2939 est]
599 2888 654 2928 ad
690 2887 928 2928 deverticula
967 2887 1056 2927 riae
1096 2886 1309 2926 militaris.-
1357 2886 1568 2927 Terentius
1606 2886 1696 2926 ‘subi
1732 2887 1788 2926 αι]
1818 2887 1952 2939 ‘ipsum
1989 2886 2079 2926 veni

386 2956 701 2999 deverticnlmn'.
751 2957 991 2998 deverticula
1025 2960 1159 2998 (netem
1189 2960 1285 2997 simet
1315 2958 1478 2997 semitae
1511 2960 1766 2998 transversae
1796 2970 1898 3008 quac
1927 2959 2023 2997 sunt
2052 2970 2079 2996 a

388 3029 509 3069 latcrc
539 3029 627 3068 viae
653 3029 858 3069 militm-is.
909 3042 1010 3068 nam
1037 3027 1141 3067 duas
1169 3025 1401 3068 ‘divortia'
1435 3027 1550 3068 vocis
1578 3026 1954 3079 interpretationes
1982 3025 2078 3067 ‘hoc

388 3097 473 3138 est'
507 3098 691 3137 formula
723 3097 980 3151 interposita
1016 3097 1159 3150 inepte
1197 3096 1443 3137 coniunctas
1483 3110 1573 3136 esse
1613 3110 1697 3136 non
1737 3097 1801 3136 est
1839 3095 1951 3150 quod
1990 3110 2076 3137 mo-
