2204 3437
207 862 399 887 Turonensis.

410 176 509 210 LXII
1110 171 1393 208 PRAEFATIO.

411 284 694 325 Floriaeensis
729 282 921 337 margine
962 282 1121 336 scripta
1154 284 1275 323 erant
1314 281 1587 322 evanuerunt.
1646 279 1868 331 praeterea
1909 274 2102 317 Serviani

412 355 456 395 in
487 354 719 396 Aeneidem
758 352 1055 395 commentarii
1093 352 1420 406 praefationem,
1465 363 1571 404 quae
1618 348 1689 389 fol.
1721 348 1768 388 4³
1811 347 1969 401 legitur
2010 360 2104 387 con-

413 426 505 466 tuli.
557 425 664 467 addo
698 425 740 466 in
773 424 944 466 scholiis
983 423 1109 464 huius
1143 423 1299 465 codicis
1331 422 1464 464 Iricas
1497 421 1663 475 glossas
1700 418 1814 459 haud
1852 432 2010 471 paucas
2043 417 2104 457 in-

413 496 547 536 veniri
580 498 653 537 aut
687 496 731 536 in
762 496 856 549 ipso
889 496 1090 536 contextu
1123 496 1197 536 aut
1235 508 1365 547 supra
1401 506 1548 534 versus
1583 490 1842 543 adscriptas:
1881 502 1986 542 quas
2018 486 2105 528 Ha-

416 580 549 620 genus
590 566 719 608 schol.
760 565 884 606 Bern.
922 581 961 619 p.
995 565 1077 606 691
1115 580 1175 619 sq.
1231 564 1432 605 collectas
1472 561 1615 603 edidit.
1678 562 1866 601 ceterum
1904 558 2014 599 liber
2052 558 2105 598 ab

414 637 594 692 Hageno
627 637 652 678 l.
685 637 710 677 1.
742 652 780 690 p.
802 636 886 678 (589
910 651 998 690 sqq.
1031 638 1072 677 et
1103 636 1225 678 catal.
1259 635 1348 677 cod.
1373 634 1500 675 Bern.
1526 648 1565 686 p.
1585 631 1671 672 234
1693 645 1752 684 sq.
1785 629 2103 671 accuratissime

415 708 652 762 descriptus
691 710 766 748 est.
827 707 981 749 Daniel
1027 722 1070 748 se
1115 721 1163 748 eo
1201 707 1246 747 in
1294 719 1461 748 omnem
1502 702 1734 744 Aeneidem
1772 716 1896 742 usum
1935 714 2026 741 esse
2063 699 2108 740 in

413 779 676 832 praefatione
708 778 910 820 narravit.

533 849 686 890 Restat
723 847 1038 890 Turonensis
1083 847 1134 889 de
1172 862 1254 902 quo
1295 845 1532 888 accuratius
1572 843 1720 885 dicam.
1777 841 1970 884 adhibuit
2010 855 2106 882 eum

413 919 567 961 Daniel
601 920 653 962 ad
686 935 735 961 ea
767 934 874 974 quae
914 934 934 960 e
975 918 1237 961 Floriacensi
1269 917 1556 970 exscripserat
1589 913 1861 956 emendanda.
1918 912 2108 954 continet

413 991 543 1033 codex
588 992 632 1033 in
678 990 852 1033 CCXIX
896 990 1154 1032 membranis
1207 989 1368 1031 formae
1417 987 1648 1042 quadratae
1692 984 1877 1039 Vergilii
1920 984 2108 1025 carmina

416 1063 604 1116 (praeter
636 1062 740 1104 Aen.
772 1062 856 1104 XII
888 1059 1140 1116 919—952)
1178 1074 1291 1109 110110
1326 1059 1494 1100 saeculo
1529 1057 1706 1110 scripta,
1747 1056 1898 1110 quibus
1931 1054 2108 1108 decimo,

415 1135 461 1173 ut
492 1133 675 1188 videtur,
718 1134 887 1176 saeculo
928 1132 1070 1186 plures
1109 1131 1303 1173 homines
1343 1131 1385 1171 in
1427 1128 1693 1183 marginibus
1733 1129 1775 1168 et
1815 1127 1926 1167 inter
1958 1139 2105 1166 versus

415 1203 580 1246 scholia
614 1204 942 1258 adscripserunt.
1001 1205 1211 1244 extremae
1251 1201 1493 1256 marginum
1526 1201 1693 1253 partes,
1730 1197 1915 1238 maxime
1947 1211 1972 1237 a
2002 1195 2107 1236 folio

415 1273 567 1316 CCXII
606 1272 729 1329 (Aen.
769 1273 851 1314 XII
890 1272 994 1328 435)
1035 1287 1181 1314 umore
1223 1273 1448 1325 corruptae
1489 1273 1607 1311 sunt:
1647 1268 1758 1323 quod
1796 1268 1997 1309 damnum
2037 1266 2110 1320 qui

414 1345 697 1387 membraneis
751 1345 986 1398 segmentis
1039 1343 1321 1397 adglutinatis
1374 1341 1532 1382 sarcire
1583 1339 1727 1382 conati
1778 1341 1876 1380 sunt
1920 1338 2109 1391 aliquam

415 1417 676 1458 scholiorum
709 1419 874 1470 partem
907 1415 1239 1456 occultaverunt.
1298 1427 1405 1467 quae
1434 1412 1485 1453 ad
1512 1411 1708 1452 bucolica
1742 1412 1784 1451 et
1816 1408 2016 1464 georgica
2043 1407 2111 1448 ad-

415 1488 574 1542 scripta
614 1491 713 1528 sunt
745 1486 926 1540 Hageno
959 1486 1173 1539 relinquo:
1214 1483 1444 1525 Aeneidem
1478 1484 1682 1537 quattuor
1712 1480 1779 1523 vel
1818 1479 2003 1534 quinque
2034 1477 2109 1519 ho-

415 1560 549 1600 mines
602 1559 937 1611 adnotaverunt,
982 1571 1087 1611 quos
1137 1555 1262 1596 facile
1311 1554 1580 1608 intellegitur
1623 1567 1708 1593 non
1753 1565 1845 1592 esse
1890 1550 1935 1591 in
1978 1549 2107 1590 libra-

415 1630 575 1670 riorum
608 1643 785 1671 numero
807 1628 1037 1669 habendos.
1095 1641 1145 1667 ex
1171 1626 1238 1667 his
1273 1640 1380 1666 unus
1406 1639 1493 1666 non
1520 1624 1657 1665 solum
1696 1637 1824 1664 manu
1863 1620 1935 1662 sed
1974 1620 2103 1660 etiam

416 1701 521 1741 satis
552 1700 767 1755 frequenti
799 1699 1128 1740 Tironianarum
1167 1711 1274 1751 quae
1314 1699 1525 1738 Vocantur
1557 1697 1753 1736 notarum
1786 1707 1865 1733 usu
1898 1707 1922 1733 a
1955 1690 2106 1732 ceteris

414 1771 539 1812 facile
580 1770 854 1824 dignoscitur.
906 1769 1072 1823 inspexi
1115 1782 1221 1822 quae
1263 1767 1316 1807 ab
1360 1781 1408 1808 eo
1451 1766 1655 1807 adnotata
1699 1766 1798 1805 sunt
1836 1765 1963 1817 atque
2003 1760 2108 1801 satis

416 1842 550 1882 multa
590 1841 793 1895 descripsi
833 1844 874 1882 et
911 1839 1098 1894 depinxi,
1138 1838 1208 1879 sed
1256 1838 1299 1878 in
1337 1835 1645 1879 commentario
1685 1834 1832 1876 critico
1870 1832 1979 1874 nihil
2016 1830 2103 1872 fere

416 1927 561 1954 eorum
595 1911 942 1953 commemoravi:
987 1912 1186 1951 notarum
1226 1908 1339 1949 enim
1378 1906 1674 1961 interpretatio
1713 1919 1799 1946 11011
1831 1903 1935 1945 adeo
1969 1915 2107 1943 succe‘

390 1978 399 1981 ⁷⁷
416 1983 561 2037 debat,
593 1986 640 2023 ut
673 1983 816 2024 omnia
850 1981 1175 2036 explicarentur.
1232 1979 1337 2019 illud
1369 1981 1513 2020 tamen
1547 1977 1693 2018 videor
1726 1975 1939 2017 affirmare
1971 1986 2110 2027 posse,

419 2055 605 2107 pleniore
638 2053 944 2095 commentario
978 2052 1100 2092 illum
1138 2050 1355 2091 hominem
1392 2064 1478 2090 non
1520 2063 1611 2089 esse
1649 2061 1791 2099 usum,
1830 2046 1979 2086 contra
2017 2040 2108 2083 Ser-

419 2125 543 2166 viana
583 2124 743 2166 scholia
781 2124 833 2165 ab
880 2138 927 2164 eo
971 2136 1096 2175 saepe
1140 2120 1334 2161 adhibita
1376 2134 1466 2160 esse
1509 2121 1550 2159 et
1590 2119 1652 2159 ita
1693 2116 1882 2171 quidem,
1923 2116 1971 2155 ut
2004 2112 2110 2154 satis

417 2196 549 2237 libere
593 2193 962 2247 inmutarentur.¹)
1031 2192 1197 2246 reliqua
1246 2205 1352 2245 quae
1404 2190 1475 2230 ille
1528 2188 1754 2242 adscripsit
1797 2189 1887 2228 tam
1935 2184 2110 2239 exiguae

513 2377 546 2420 1)
574 2376 732 2421 exempli
759 2387 869 2410 causa
895 2374 1072 2410 Sei-viana
1097 2372 1279 2417 quaedam
1305 2371 1350 2404 ab
1384 2370 1448 2405 illo
1474 2370 1658 2405 inmutata
1691 2368 1787 2402 infra
1821 2365 1960 2410 scripsi.
2004 2365 2110 2398 nota—

417 2441 497 2462 rum
522 2428 613 2463 locis
640 2431 778 2473 puncta
802 2429 920 2472 posui.
965 2428 1012 2461 ad
1044 2427 1140 2463 Aen„
1168 2424 1217 2458 ΙΙῘ
1246 2428 1289 2459 96
1322 2423 1436 2468 igitur
1470 2423 1562 2458 haee
1588 2423 1768 2457 adnotata
1801 2420 1887 2453 sunt
1919 2417 2110 2451 ‘Traetuni

418 2484 474 2515 est
495 2511 501 2517 .
529 2483 573 2516 de
602 2481 759 2516 historia
779 2482 858 2515 Duo
886 2481 1017 2514 fratres
1041 2507 1047 2513 .
1075 2478 1136 2522 qui
1164 2489 1245 2512 eum
1268 2475 1476 2520 coepissent
1502 2475 1599 2510 inter
1626 2486 1663 2508 se
1690 2475 1734 2509 de
1755 2482 1868 2517 regno
1891 2469 2110 2504 contendere

418 2534 613 2568 audierunt
651 2547 693 2567 ex
726 2534 874 2568 oraculo
909 2532 1005 2577 quod
1040 2531 1104 2565 ille
1138 2532 1236 2565 esset
1266 2532 1486 2573 regnaturus
1528 2527 1591 2571 qui
1624 2528 1820 2572 postquam
1858 2522 2026 2558 venirent
2063 2520 2110 2554 ad

419 2598 521 2621 suam
546 2588 682 2620 terrum
708 2586 867 2631 primum
893 2584 1120 2619 oscularetur
1145 2584 1311 2616 matrem.
1359 2581 1456 2624 quod
1493 2592 1585 2614 unus
1617 2577 1802 2613 intellexit
1827 2577 1922 2610 alter
1946 2586 2020 2608 non
2046 2573 2110 2608 sed

419 2652 500 2674 cum
524 2668 530 2673 .
558 2640 604 2673 ad
638 2642 772 2673 terram
808 2650 911 2672 suam
944 2636 1133 2671 venissent
1171 2635 1234 2668 ille
1269 2633 1332 2678 qui
1364 2632 1549 2668 intellexit
1581 2631 1753 2666 simulato
1788 2640 1874 2664 casu
1908 2626 2043 2662 cecidit
2073 2626 2111 2659 in

419 2695 554 2726 terram
582 2694 617 2726 et
645 2692 831 2726 osculatus
860 2693 916 2724 est
943 2702 1024 2724 eam
1051 2691 1088 2723 et
1109 2686 1295 2731 ,accepia
1319 2688 1413 2722 alter
1439 2698 1526 2722 vero
1547 2688 1703 2720 matrem
1723 2695 1825 2718 suam
1848 2680 2034 2717 osculatus
2055 2680 2112 2713 est

418 2748 553 2790 putans
574 2773 701 2781 .....
724 2745 863 2779 dictum
889 2743 1030 2778 fuisse’.
1082 2742 1127 2775 ad
1154 2741 1205 2774 Ill
1235 2745 1298 2775 128
1329 2739 1523 2774 ‘Nauticus
1551 2739 1690 2772 clamor
1716 2736 1754 2769 id
1776 2737 1832 2769 est
1852 2734 2018 2768 celeuma
2045 2731 2108 2766 Ce-

418 2799 540 2832 lemna
567 2825 573 2831 .
598 2827 603 2832 .
627 2827 633 2833 .
662 2797 791 2832 navale
818 2799 859 2831 ut
886 2796 1029 2830 vineale
1057 2794 1144 2838 quia
1176 2796 1309 2827 nautae
1337 2794 1506 2827 ertantur
1538 2802 1575 2825 se
1607 2789 1767 2825 invicem
1799 2786 2017 2831 navigantes
2045 2785 2110 2820 Ce-

419 2850 532 2885 100515
560 2861 689 2895 graece
717 2849 851 2885 ortatio
873 2879 880 2886 .
909 2849 1074 2882 celeuma
1107 2846 1164 2880 Fit
1191 2847 1312 2880 autem
1348 2845 1513 2878 celeuma
1535 2872 1541 2878 .
1563 2841 1778 2887 anapestieo
1811 2842 1928 2873 metro
1954 2837 2049 2872 unde
2077 2839 2114 2870 et

420 2902 654 2948 anapesticus
688 2906 744 2938 est
779 2902 849 2938 iste
881 2912 1007 2937 versus
1030 2929 1036 2934 .
1058 2899 1095 2933 in
1128 2900 1197 2932 fine
1220 2927 1226 2933 .
1249 2899 1465 2941 anapestum
1498 2896 1562 2940 qui
1589 2925 1596 2930 .
1625 2905 1667 2929 ex
1701 2893 1840 2927 duabus
1871 2890 2043 2925 brevibus
2078 2891 2116 2924 et

420 2957 531 3000 longa
569 2955 622 2990 ita
653 2966 831 3000 proavos,
871 2966 939 2998 (1110
973 2954 1075 2997 peta,
1111 2951 1220 2985 mus-⁷.
1272 2951 1488 2984 1111111420
1530 2947 1672 2992 ‘Scylla
1709 2944 1908 2980 secundum
1946 2942 2109 2977 fabulam

420 3009 545 3052 puella
571 3007 641 3041 fuit
663 3037 668 3043 .
691 3019 773 3042 cum
800 3007 962 3042 venisset
988 3005 1035 3039 ad
1059 3005 1198 3039 fontem
1226 3002 1409 3046 quendam
1430 3011 1570 3035 veneno
1597 2999 1774 3033 infectum
1803 2995 1938 3031 cecidit
1963 2994 2001 3028 in
2027 3006 2109 3028 eum

421 3064 457 3095 et
484 3062 580 3105 1111110
606 3064 711 3095 tonus
739 3061 777 3093 in
804 3059 950 3094 diversa
969 3059 1135 3092 monstra
1155 3068 1261 3091 versa
1286 3057 1342 3089 est
1362 3066 1454 3099 quae
1474 3064 1548 3087 11011
1567 3053 1687 3086 serens
1714 3061 1816 3084 suam
1843 3047 2110 3091 turpitudinem

421 3113 577 3158 proiecit
604 3126 640 3146 se
669 3113 703 3146 iu
731 3124 828 3146 mare
857 3115 893 3146 ct
919 3111 970 3146 ibi
997 3111 1099 3144 locus
1126 3107 1459 3154 periculosissimus
1480 3106 1609 3141 factal
1660 3104 1706 3137 ad
1733 3103 1870 3137 111030
1900 3100 2022 3141 ‘Quod
2048 3099 2107 3134 hic
