2132 3354
285 120 403 155 XXIV
990 119 1272 156 PRAEFATIO.

285 229 457 270 eosdem
488 228 705 271 Danielini
737 229 1029 270 commentarii
1070 227 1234 269 auctori
1268 229 1439 281 praesto
1476 226 1606 268 fuisse
1641 226 1747 267 mihi
1773 227 1977 281 persuasi.

286 315 385 341 nam
418 315 469 341 116
502 300 604 340 illud
639 299 807 354 quidem
834 300 923 340 veri
950 299 1089 340 simile
1116 313 1206 340 esse
1233 298 1441 353 videbam,
1474 313 1522 340 ex
1549 297 1656 352 ipsis
1678 297 1978 340 Saturnalibus

287 372 328 412 in
373 371 588 425 pleniores
631 369 765 412 Servii
807 370 972 411 codices
1015 369 1227 410 translata
1269 382 1360 409 esse
1402 383 1510 422 quae
1550 370 1826 423 utrorumque
1869 382 1977 410 com-

288 442 435 483 munia
469 444 628 494 essent3
661 443 808 482 extant
841 441 953 482 enim
984 440 1027 481 in
1061 438 1310 481 Cassellano
1345 441 1387 480 et
1417 438 1681 480 Floriacensi
1713 442 1756 480 et
1787 438 1978 480 Lemovi-

290 513 403 553 censi
438 527 545 567 quac
578 526 712 566 neque
745 512 1022 552 inveniuntur
1054 511 1163 565 apud
1196 510 1481 563 Macrobium,
1515 512 1556 550 et
1586 509 1648 550 ita
1680 511 1780 550 sunt
1811 523 1979 563 compa-

289 586 401 636 rata,
442 586 488 624 ut
529 597 614 623 non
655 582 880 623 videantur
921 582 973 622 ab
1016 581 1230 622 inferioris
1263 581 1416 622 aetatis
1448 579 1621 621 homine
1654 579 1799 621 addita
1832 578 1979 632 esse.¹)

293 668 399 707 quae
431 653 691 694 Ribbeckius
725 653 750 694 l.
782 653 808 694 l.
841 652 1066 707 proposuit
1104 654 1152 693 ut
1183 651 1308 692 huius
1343 650 1729 706 argumentationis
1762 649 1865 691 fides
1897 650 1978 691 ele-

289 726 480 776 varetur,
513 738 561 764 ea
594 723 680 764 suis
714 723 817 764 locis
850 723 1006 777 partim
1041 724 1374 763 commemorata
1406 724 1504 762 sunt
1535 721 1694 775 partim
1726 735 1980 763 commemo-

289 793 514 835 rabuntur:
547 809 644 836 nam
681 794 732 835 ad
764 793 1009 834 universam
1037 792 1200 847 vulgati
1229 796 1271 833 et
1296 792 1500 846 plenioris
1527 791 1823 833 commentarii
1849 791 1978 833 ratio-

287 879 382 905 nem
416 864 641 918 pertinent.

407 934 598 988 Denique
639 935 682 975 111
721 938 873 989 quarto
913 934 1252 976 Saturnaliorum
1293 935 1422 988 libro,
1461 950 1542 989 quo
1576 933 1821 976 Macrobius
1855 932 1978 987 Sym-

292 1006 486 1047 machum
531 1005 864 1047 ‘violentissima
905 1006 1080 1046 inventa
1121 1005 1186 1047 vel
1229 1019 1353 1046 sensa
1385 1004 1620 1046 rhetoricae
1653 1005 1697 1046 in
1729 1004 1979 1059 Vergiliano

291 1075 437 1130 opere’
473 1076 836 1117 demonstrantem
869 1076 981 1130 fecit,
1012 1076 1120 1117 nihil
1147 1076 1288 1117 inesse
1316 1076 1481 1117 ostendi
1509 1076 1620 1130 quod
1647 1090 1741 1117 cum
1763 1074 1979 1117 Servianis

291 1147 605 1188 commentariis
640 1146 894 1188 conveniret.
945 1147 994 1187 de
1027 1146 1174 1200 quinto
1207 1147 1336 1200 libro,
1370 1160 1451 1200 quo
1485 1145 1709 1199 exponitur
1742 1145 1842 1200 quid
1875 1144 1975 1186 Ver-

285 1219 414 1273 gilius
448 1234 468 1259 e
503 1218 760 1259 Graecorum
793 1220 1036 1271 poetarum,
1073 1216 1252 1258 Homeri
1286 1216 1501 1270 inprimis,
1534 1215 1795 1257 carminibus
1828 1216 1869 1256 in
1904 1230 1980 1256 sua

285 1289 570 1341 transtulerit,
603 1291 644 1329 et
676 1288 725 1328 de
760 1288 867 1328 sexti
899 1287 997 1328 libri
1032 1287 1241 1341 capitibus
1266 1287 1389 1341 1-5,
1424 1287 1578 1341 quibus
1613 1301 1661 1328 ea
1696 1288 1982 1340 recensentur,

288 1374 394 1414 quae
435 1375 458 1400 a
496 1358 665 1400 Latinis
704 1358 843 1412 poetis
886 1358 1197 1412 antiquioribus
1229 1357 1448 1412 Vergilius
1489 1358 1702 1411 accepisse
1744 1357 1981 1411 videbatur,

286 1445 420 1484 pauca
455 1430 550 1471 dixi.
602 1430 707 1470 haec
741 1430 852 1470 enim
886 1429 938 1469 ad
971 1429 1143 1470 Perellii
1176 1428 1325 1470 Fausti
1359 1430 1400 1469 et
1433 1428 1662 1477 Q.Octavii
1695 1427 1816 1468 Aviti
1847 1427 1980 1469 libros

288 1501 356 1555 (jcf.
390 1499 502 1542 Suet.
535 1516 573 1554 p.
608 1501 663 1541 65
685 1515 744 1554 sq.
778 1498 1042 1555 Reiffersch.)
1076 1499 1211 1540 redire
1243 1499 1334 1553 ipse
1367 1498 1628 1540 Ribbeckius
1660 1499 1820 1553 proleg.
1853 1514 1890 1553 p.
1925 1499 1979 1540 99

289 1574 331 1612 et
362 1573 442 1613 113
476 1572 630 1613 docuit.

420 1643 499 1683 His
556 1642 690 1697 igitur
745 1641 985 1682 observatis
1044 1639 1179 1681 Servii
1235 1640 1588 1681 commentarium
1644 1639 1864 1681 Macrobio
1929 1641 1981 1682 ad

291 1729 460 1755 inanum
512 1713 644 1754 fuisse
694 1712 858 1767 negavi.
940 1711 1048 1752 addo
1101 1710 1212 1765 quod
1262 1725 1396 1764 nuper
1448 1710 1703 1752 Thomasius
1760 1708 1823 1766 (p.
1872 1710 1980 1765 161)

290 1800 365 1825 suo
405 1785 494 1825 iure
527 1783 710 1836 monuit,
749 1785 895 1836 aperte
935 1781 1202 1823 Macrobium
1242 1781 1524 1836 significasse,
1562 1795 1612 1822 ex
1651 1781 1981 1835 antiquorum

287 1856 410 1896 libris
457 1855 647 1895 derivata
692 1868 782 1894 esse
827 1867 934 1908 quae
973 1852 1209 1893 Eustachio
1253 1853 1342 1894 filio
1388 1852 1570 1894 offerret.
1586 1849 1620 1907 2)
1684 1866 1732 1893 ac
1777 1866 1829 1892 ne
1873 1852 1979 1893 illud

292 1926 458 1980 quidem
510 1928 613 1979 puto
665 1925 948 1966 omittendum
1000 1939 1110 1978 esse,
1159 1938 1244 1965 non
1296 1924 1431 1965 solere
1481 1922 1748 1965 Macrobium
1798 1937 1979 1965 comme-

292 2011 456 2036 morare
490 1996 642 2049 quibus
676 1995 923 2036 auctoribus
956 2010 1057 2036 usus
1091 1995 1158 2048 sit,
1192 1994 1324 2035 veluti
1357 1993 1497 2048 Gellii,
1530 1993 1754 2048 Athenaei,
1785 1991 1980 2048 Senecae,

292 2081 471 2120 quorum
511 2081 531 2107 e
570 2066 692 2107 libris
731 2065 845 2106 haud
885 2079 1020 2119 pauca
1059 2066 1102 2106 in
1135 2064 1382 2107 Saturnalia
1419 2065 1631 2107 translata
1669 2078 1759 2105 esse
1799 2066 1981 2118 constat,

290 2152 341 2178 ne
387 2137 562 2178 nomina
608 2136 776 2191 quidem
822 2136 1110 2190 inveniuntur,
1154 2136 1410 2177 Plutarchus
1451 2139 1595 2178 autem
1628 2135 1875 2177 nominatur
1907 2135 1981 2176 ille

291 2208 459 2262 quidem
493 2206 593 2261 (VII
620 2208 658 2261 3,
679 2206 765 2262 24),
798 2206 871 2247 secl
901 2206 1010 2247 nihil
1044 2207 1224 2260 additur,
1258 2207 1364 2248 uncle
1398 2208 1625 2261 septimum
1658 2206 1816 2248 librum
1847 2221 1981 2261 prope

291 2281 429 2320 totum
464 2292 513 2317 ex
540 2278 834 2318 convivalibus
862 2278 949 2318 eius
979 2277 1302 2331 quaestionibus
1331 2278 1589 2332 exscriptum
1619 2292 1708 2319 esse
1736 2291 1981 2333 cognoscas,

289 2348 400 2403 quod
434 2362 528 2388 cum
561 2348 622 2389 ita
655 2348 709 2388 sit
731 2348 995 2389 Macrobium
1024 2348 1058 2389 si
1089 2347 1315 2390 Servi-anos
1344 2349 1672 2391 commentarios
1707 2348 1983 2402 compilasset

290 2434 375 2460 non
413 2421 517 2472 puto
559 2433 793 2472 sermones,
835 2433 938 2472 quos
979 2419 1091 2459 inter
1130 2418 1400 2461 doctissimos
1440 2419 1554 2460 illius
1594 2419 1748 2460 aetatis
1788 2419 1982 2460 homines

289 2491 461 2531 habitos
496 2504 586 2530 6336
620 2489 758 2542 finxit,
791 2489 850 2530 ita
883 2489 1183 2530 instituturum
1215 2489 1364 2544 fuisse,
1397 2493 1443 2531 ut
1476 2489 1620 2532 Servio
1654 2490 1735 2544 ipsi
1768 2489 1883 2531 haud
1915 2503 1981 2530 ex-

290 2562 434 2616 iguam
473 2575 618 2601 eorum
656 2562 823 2614 partem
862 2559 1079 2600 tribueret.
1150 2560 1220 2613 qui
1260 2563 1401 2602 autem
1434 2561 1594 2602 fuerint
1625 2561 1669 2601 in
1702 2560 1755 2601 iis
1789 2573 1895 2614 quae
1929 2559 1980 2600 de

289 2631 548 2686 Vergilianis
594 2631 915 2684 quaestionibus
961 2631 1005 2671 in
1049 2629 1393 2673 Saturnaliorum
1438 2632 1560 2673 libris
1606 2631 1824 2685 disputata
1880 2633 1981 2671 sunt

292 2810 416 2844 georg.
445 2801 456 2833 1
486 2803 552 2833 ‘269
581 2802 617 2834 et
644 2803 728 2841 272;
773 2800 819 2833 M.
848 2798 882 2834 S.
910 2800 959 2832 III
988 2802 1019 2842 4,
1048 2803 1063 2832 1
1091 2811 1170 2844 sqq.
1204 2803 1240 2834 et
1270 2800 1359 2835 Aen.
1393 2802 1425 2835 II
1452 2804 1537 2843 ‘2253
1582 2800 1630 2834 M.
1658 2799 1691 2834 S.
1720 2800 1768 2833 III
1794 2802 1827 2842 4,
1855 2802 1874 2833 6
1904 2809 1980 2842 sqq.

293 2856 330 2887 et
356 2855 444 2886 Aen.
472 2853 485 2885 I
513 2856 598 2893 378;
643 2852 689 2887 M.
719 2852 751 2887 S.
780 2852 827 2885 ΙΙΙ
857 2856 887 2895 6,
918 2856 1005 2886 1»-5
1039 2853 1074 2885 61
1101 2851 1188 2887 Aen.
1210 2854 1260 2887 111
1286 2858 1347 2895 853
1392 2855 1438 2888 M.
1462 2854 1495 2889 S.
1523 2853 1626 2896 1116,
1656 2857 1696 2887 17
1725 2853 1761 2886 et
1787 2853 1875 2887 Aen.
1895 2850 1981 2885 VIII

292 2909 380 2946 2883
408 2905 454 2940 M.
473 2904 506 2939 S.
533 2905 564 2939 V
595 2909 646 2948 16,
675 2910 693 2939 9
722 2907 758 2939 ct
783 2903 872 2938 Aen.
899 2904 929 2938 X
958 2909 1035 2938 567.
1188 2908 1222 2950 ⁴2)
1249 2906 1360 2950 praef.
1389 2910 1410 2940 4
1445 2907 1504 2941 ‘et
1529 2905 1615 2940 boni
1642 2904 1811 2940 consulas
1839 2904 1983 2948 oportet

295 2958 324 2990 si
354 2958 521 2992 notitiam
553 2957 746 2992 vetustatis
772 2957 880 2991 modo
908 2957 1039 2990 nostris
1061 2967 1131 2991 non
1153 2958 1305 2993 obscure
1326 2959 1434 2994 modo
1460 2958 1548 3003 ipsis
1569 2957 1802 3002 antiquorum
1827 2956 1984 2991 fideliter

294 3010 413 3044 verbis
452 3021 712 3054 recognoscas,
750 3012 858 3055 prout
891 3020 1057 3053 quaeque
1098 3021 1134 3044 se
1173 3011 1232 3045 vel
1259 3011 1463 3046 enarranda
1505 3010 1564 3045 vel
1606 3009 1860 3045 transferenda
1898 3020 1980 3053 sug-

294 3063 500 3107 gesserint?
