2132 3354
241 130 306 164 XII
943 127 1226 163 PRAEFATIO.
1246 160 1248 162 .

240 253 361 280 usum
395 251 579 292 agnosco
614 261 666 265 -
700 236 803 277 illud
836 239 978 277 tamen
1012 235 1249 276 rectissime
1282 248 1378 275 eum
1412 234 1570 275 vidisse
1603 234 1807 290 concedo,
1838 250 1934 276 cum

240 309 290 350 de
322 308 436 350 Iovis
468 309 594 350 iussis
627 307 708 349 1100
739 308 830 349 1000
865 306 1119 360 cogitaverit
1151 305 1416 358 scholiastes,
1442 305 1552 346 male
1579 320 1604 346 a
1629 320 1695 346 me
1721 308 1934 360 temptata

241 394 332 421 esse
376 380 451 421 illa
494 393 592 420 mim
633 393 723 419 eum
760 379 857 419 dicit
881 412 888 418 .
911 410 918 418 .
940 410 948 418 .
974 376 1138 429 ‘implere
1167 378 1398 428 praecepta:
1445 390 1703 430 quamquam
1741 391 1790 418 eo
1828 376 1934 417 haec

240 450 534 492 transferenda
567 464 658 491 esse
692 464 774 502 quo
807 464 831 489 a
865 462 929 488 me
961 446 1171 487 translata
1205 445 1290 486 sint
1322 446 1453 487 etiam
1485 460 1596 508 nunc
1622 450 1759 489 teneo.
1804 447 1934 489 verba

241 525 381 562 autem
421 536 528 575 quae
567 523 666 561 sunt
702 534 721 559 e
760 518 962 560 contrario
999 520 1132 557 antem
1171 516 1289 567 nefas
1325 516 1428 558 milri
1455 517 1589 569 facere
1618 531 1702 559 non
1731 518 1846 559 iussa
1878 518 1931 559 ab

241 606 289 632 eo
323 593 394 646 qui
427 592 659 645 pleniorem
693 588 1045 631 commentarium
1078 587 1320 640 composuit
1352 587 1495 628 addita
1528 601 1620 628 esse
1651 589 1757 642 puto
1783 590 1831 629 ut
1856 603 1933 629 no-

243 678 339 703 vum
380 662 586 704 scholium
625 661 677 702 ud
717 661 939 715 vulgatum
973 657 1387 713 adcommodaretur,
1426 658 1545 699 cuius
1578 658 1710 712 ipsius
1744 661 1934 700 extrema

242 734 371 774 verba
397 733 467 774 ille
495 732 688 774 omisisse
715 731 891 784 videtur,
924 730 1024 783 quia
1056 743 1151 770 cum
1184 729 1236 769 iis
1271 743 1378 783 quae
1410 731 1508 770 ante
1540 729 1782 771 inseruerat
1813 730 1932 771 nullo

244 804 370 845 modo
404 806 602 858 poterant
634 802 844 855 coniungi.

359 874 408 915 In
441 874 612 915 scholiis
645 873 697 914 ad
729 872 833 913 Aen.
859 871 921 913 IV
954 871 1039 912 520
1071 870 1298 924 adscriptis
1326 868 1565 913 Schoellius
1597 874 1645 913 ut
1675 886 1774 913 nam
1799 875 1837 914 et
1860 873 1934 913 illa

243 945 407 987 seclusa
441 947 481 986 et
513 944 762 986 ama-toribus
789 977 797 984 .
824 977 831 983 .
860 976 868 983 .
893 941 1120 995 se'ynificarc'
1148 944 1303 994 putam
1341 941 1470 983 verba
1502 957 1693 984 seorsum
1726 943 1933 984 collocata

243 1031 325 1057 non
364 1016 642 1070 improbavit,
680 1016 740 1055 ita
778 1015 953 1068 propter
990 1011 1227 1053 Pausaniae
1261 1010 1299 1067 (I
1331 1011 1406 1068 30)
1439 1011 1611 1054 Aeliani
1645 1012 1726 1070 (ap.
1761 1012 1935 1055 Suidam

244 1102 272 1128 s.
313 1101 348 1127 v.
388 1084 607 1140 Μέλητος)
652 1084 852 1126 Hermiae
894 1081 967 1138 (ad
1011 1082 1120 1123 Plat.
1158 1082 1334 1124 Phaedr.
1372 1098 1411 1137 p.
1453 1085 1506 1126 78
1544 1082 1647 1140 Ast)
1686 1084 1935 1126 testimonia

243 1157 471 1211 prudenter
510 1156 646 1197 suasit
677 1170 727 1197 ne
760 1155 890 1196 verba
920 1154 984 1195 hie
1014 1155 1138 1195 etiam
1169 1153 1345 1196 Athenis
1376 1155 1452 1196 coli
1483 1155 1631 1196 dicitur
1662 1157 1933 1197 mutarentur

245 1231 317 1268 aut
349 1228 398 1268 de
432 1242 479 1267 eo
506 1227 598 1268 loco
633 1240 756 1279 quem
789 1225 833 1265 in
863 1223 1126 1265 Floriacensi
1157 1223 1366 1265 haberent
1398 1227 1681 1267 moverentur.
1742 1226 1934 1280 paenitet

244 1313 310 1339 me
350 1298 461 1351 quod
500 1297 543 1338 in
580 1297 657 1338 hac
695 1311 740 1336 re
773 1295 1064 1337 Turonensem
1104 1294 1291 1335 codicem
1323 1295 1444 1349 sequi
1477 1295 1626 1350 malui,
1664 1311 1713 1337 ac
1744 1310 1797 1337 ne
1829 1296 1934 1337 illud

244 1368 413 1422 quidem
452 1370 555 1421 puto
594 1367 759 1408 defendi
798 1381 923 1420 posse
958 1366 1071 1420 quod
1103 1366 1232 1407 verba
1265 1380 1372 1420 quae
1406 1369 1504 1407 sunt
1535 1367 1786 1409 amatoribus
1809 1381 1934 1420 prae-

242 1452 321 1480 esse
351 1439 543 1480 dicuntur
562 1435 703 1492 ’Έρως
732 1434 935 1492 Ἀντέρως
967 1435 1176 1490 Λυσέρως
1208 1452 1232 1477 a
1265 1436 1480 1478 Servianis
1515 1438 1721 1492 separavi.
1778 1438 1935 1480 etenim

243 1509 324 1550 nisi
358 1509 498 1563 fallor,
532 1510 741 1563 interpres
775 1508 928 1562 aliquis
962 1508 1035 1562 qui
1063 1510 1159 1548 ante
1182 1506 1376 1548 Servium
1396 1507 1579 1563 Vergilii
1606 1509 1794 1550 carmina
1821 1524 1932 1550 com-

244 1582 455 1620 mentatus
489 1583 590 1633 erat,
624 1579 674 1620 ad
708 1595 743 1622 v,
766 1580 850 1620 520
882 1579 986 1619 haec
1017 1578 1105 1619 fere
1139 1578 1440 1632 adscripscrat:
1481 1581 1568 1620 tres
1603 1594 1693 1620 esse
1725 1579 1826 1620 deos
1861 1580 1933 1634 qui

243 1653 482 1691 amatorum
527 1665 594 1691 res
633 1665 779 1692 curare
818 1649 1104 1703 crederentur,
1152 1649 1330 1690 Erotem
1369 1652 1623 1692 Anterotem
1661 1649 1931 1705 Lyserotem3

243 1734 292 1760 ex
324 1721 390 1761 his
424 1721 473 1762 de
505 1721 636 1762 Erote
669 1721 748 1761 hoc
780 1721 872 1761 loco
905 1735 991 1761 non
1023 1734 1114 1761 esse
1148 1719 1442 1774 cogitandum,
1485 1720 1557 1761 secl
1587 1721 1775 1762 dubitari
1806 1735 1934 1775 posse

244 1793 384 1830 utrum
423 1789 674 1844 Lyserotem
720 1805 774 1831 an
806 1789 1059 1831 Anterotem
1105 1788 1216 1830 Dido
1260 1789 1482 1831 invocasse
1526 1792 1714 1844 putanda
1758 1791 1934 1847 esset¹);

244 1860 364 1901 illum
405 1861 515 1902 enim
554 1876 717 1902 amores
757 1861 989 1914 resolvere,
1028 1860 1152 1901 alteri
1185 1860 1354 1914 iniquos
1388 1875 1554 1903 amores
1587 1863 1650 1903 ita
1682 1877 1806 1904 curae
1839 1877 1932 1903 esse

244 1935 290 1972 ut
322 1947 406 1972 non
439 1935 652 1973 amantem
687 1946 830 1973 amore
863 1931 1119 1985 implicaret:
1154 1946 1245 1972 eam
1278 1932 1327 1972 de
1352 1931 1575 1974 Anterotis
1602 1935 1816 1987 potestate
1844 1934 1932 1987 opi-

243 2002 413 2043 nionem
443 2002 768 2043 Atheniensium
800 2001 1010 2056 religione
1044 2000 1342 2056 confirmari.2)
1381 2016 1430 2043 ex
1462 2002 1543 2044 hoc
1576 2003 1737 2044 scholio
1760 2001 1931 2044 Servius

245 2086 320 2112 sua
359 2072 622 2127 deprompsit
661 2087 766 2127 quae
807 2074 906 2113 sunt
943 2085 1083 2113 sensns
1114 2075 1249 2113 autem
1279 2072 1344 2113 hic
1374 2076 1432 2114 est
1463 2106 1470 2113 .
1503 2107 1512 2116 .
1544 2107 1552 2114 .
1584 2076 1631 2114 m*
1659 2074 1822 2126 inplicet
1851 2087 1934 2115 mm

244 2147 470 2183 furiantem:
517 2158 773 2198 quamquam
819 2142 1071 2196 antiquioris
1115 2142 1362 2196 interpretis
1408 2143 1646 2185 doctrinam
1691 2145 1932 2198 corrupisse

245 2213 409 2254 videtur
441 2229 535 2255 cum
569 2217 642 2255 aut
675 2213 903 2255 memoriae
936 2213 1058 2266 lapsu
1092 2216 1166 2254 aut
1199 2213 1284 2254 alia
1317 2213 1366 2254 de
1399 2228 1525 2255 causa
1556 2214 1779 2256 Anterotis
1812 2217 1931 2268 pote-

246 2283 349 2323 stati
377 2284 530 2325 adiecit
566 2285 676 2338 quod
710 2284 930 2339 Lyserotis
957 2283 1178 2337 proprium
1206 2298 1297 2325 esse
1322 2283 1609 2341 putabatur.3)
1649 2285 1761 2326 idem
1787 2287 1931 2327 autem

343 2436 374 2478 1)
396 2434 440 2470 cf.
461 2435 548 2470 Aen.
574 2435 618 2469 IV
639 2439 706 2470 478
736 2435 880 2470 ‘inveni
906 2446 1082 2479 germana
1108 2435 1203 2469 viam
1227 2465 1233 2471 .
1257 2464 1263 2471 .
1287 2465 1292 2471 .
1316 2446 1410 2480 quae
1436 2436 1529 2470 mihi
1554 2436 1686 2471 reddat
1705 2447 1788 2470 eum
1809 2437 1868 2471 vel
1889 2447 1930 2471 eo

245 2498 302 2521 me
335 2488 453 2521 solvat
485 2489 706 2522 amuntem’.
822 2491 857 2531 2)
889 2487 1043 2521 fortasse
1075 2488 1220 2522 Meletis
1253 2489 1330 2523 sive
1363 2488 1491 2523 Meleti
1523 2492 1561 2523 et
1593 2489 1811 2533 Timagorae
1841 2489 1930 2533 fata,

245 2540 375 2583 quibus
404 2541 576 2575 Aelianus
603 2543 639 2575 et
665 2541 863 2574 Pausanias
890 2540 912 2574 1.
934 2541 957 2573 1.
991 2540 1233 2575 Athenienses
1260 2542 1380 2575 motos
1407 2553 1483 2576 esse
1508 2543 1660 2576 narrant
1697 2543 1737 2575 ut
1762 2541 1933 2576 Anteroti

245 2604 344 2626 aram
373 2596 644 2636 consecrarent,
681 2593 804 2637 aliquo
831 2593 939 2627 modo
967 2596 1253 2629 commemorata
1280 2596 1395 2629 erant.
1497 2595 1533 2639 3)
1557 2606 1629 2629 non
1655 2597 1744 2639 puto
1771 2594 1933 2629 dubitari

246 2656 349 2689 posse
383 2646 470 2691 quin
498 2647 644 2681 Servius
678 2658 759 2680 eum
794 2658 951 2680 errorem
985 2646 1190 2680 admiserit:
1223 2659 1307 2682 nam
1339 2647 1370 2681 is
1403 2658 1512 2692 quem
1545 2649 1689 2682 secutus
1717 2649 1771 2682 est
1796 2647 1827 2681 si
1851 2647 1930 2692 ipse

245 2710 388 2742 quoque
415 2699 583 2733 Anteroti
616 2711 758 2733 amores
792 2698 958 2733 solvendi
984 2700 1206 2742 potestatem
1233 2700 1438 2742 tribuisset,
1471 2711 1543 2734 non
1568 2700 1794 2734 nominasset
1819 2699 1929 2744 Lyse-

246 2753 374 2786 rotem.
413 2752 483 2785 fuit
510 2763 592 2786 011111
619 2751 821 2786 conicerem
848 2752 937 2785 hacc
964 2763 985 2785 a
1006 2751 1131 2785 Servio
1158 2752 1257 2787 edita
1284 2764 1378 2787 esse:
1405 2764 1527 2787 sensus
1552 2757 1669 2787 autem
1694 2753 1751 2787 hie
1770 2756 1839 2786 est:
1865 2755 1931 2787 aut

247 2803 444 2847 Λυσέρωτα
472 2805 625 2847 invocat,
652 2806 875 2839 contrarium
897 2804 1082 2848 Capidiw‘,
1109 2806 1171 2848 qui
1197 2816 1333 2840 amores
1358 2806 1511 2848 resolvit,
1539 2809 1603 2840 aut
1628 2809 1717 2840 certe
1733 2801 1930 2848 Ἀντέρωτα

245 2857 304 2889 cm?
329 2868 435 2891 curae
461 2861 509 2891 est
537 2869 564 2892 e.
595 2870 627 2901 q.
655 2870 681 2891 s.
709 2857 772 2891 sed
799 2859 838 2891 ut
864 2857 1008 2892 mittam
1037 2859 1258 2891 contrarium
1287 2859 1464 2902 Cupidini
1488 2857 1555 2892 illa
1579 2859 1626 2892 ad
1652 2857 1839 2892 Anterotis
1866 2869 1928 2892 no-

246 2920 327 2943 men
354 2911 477 2953 aperte
505 2910 704 2954 pertinere,
738 2909 912 2943 librorum
944 2909 1158 2943 testimonia
1184 2922 1257 2944 non
1283 2922 1327 2944 ca
1353 2912 1438 2945 sunt
1463 2912 1504 2945 ut
1529 2910 1617 2945 olim
1642 2908 1842 2954 Λυσέρωτα
1869 2921 1929 2943 cx-

245 2961 359 2996 titisse
387 2962 563 2996 videntur.
599 2974 822 3006 quamquam
849 2962 1125 2996 commendatur
1151 2962 1363 2997 coniectura,
1388 2963 1454 2998 illa
1480 2963 1743 2998 consuetudine
1769 2963 1928 3007 quadam

246 3014 379 3053 Servii,
412 3015 470 3058 qui
497 3027 569 3050 11011
596 3016 740 3050 solebat
765 3018 829 3049 aut
855 3019 944 3049 certe
970 3026 1122 3059 ponere,
1149 3014 1218 3048 nisi
1245 3019 1309 3050 aut
1334 3015 1592 3060 praemiserat:
1629 3016 1729 3050 cuius
1757 3016 1809 3050 rei
1834 3015 1930 3050 infra

245 3062 412 3105 exempla
438 3061 632 3105 proferam.
