<?xml version="1.0" encoding="UTF-8"?>
<!DOCTYPE html PUBLIC "-//W3C//DTD XHTML 1.0 Transitional//EN"
    "http://www.w3.org/TR/xhtml1/DTD/xhtml1-transitional.dtd">
<html xmlns="http://www.w3.org/1999/xhtml" xml:lang="en" lang="en">
 <head>
  <title>
</title>
<meta http-equiv="Content-Type" content="text/html;charset=utf-8" />
  <meta name='ocr-system' content='tesseract 3.04.00' />
  <meta name='ocr-capabilities' content='ocr_page ocr_carea ocr_par ocr_line ocrx_word'/>
</head>
<body>
  <div class='ocr_page' id='page_1' title='image "./invergiliicarmin01servuoft_0504.png"; bbox 0 0 2204 3437; ppageno 0'>
   <div class='ocr_carea' id='block_1_1' title="bbox 414 175 1338 221">
    <p class='ocr_par' dir='ltr' id='par_1_1' title="bbox 414 175 1338 221">
     <span class='ocr_line' id='line_1_1' title="bbox 414 175 1338 221; baseline -0.014 0"><span class='ocrx_word' id='word_1_1' title='bbox 414 181 501 221; x_wconf 80' lang='lat'><em>400</em></span> <span class='ocrx_word' id='word_1_2' title='bbox 1179 175 1338 210; x_wconf 84' lang='lat' dir='ltr'><strong>SERVH</strong></span> 
     </span>
    </p>
   </div>
   <div class='ocr_carea' id='block_1_2' title="bbox 415 280 2109 554">
    <p class='ocr_par' dir='ltr' id='par_1_2' title="bbox 415 280 2109 554">
     <span class='ocr_line' id='line_1_2' title="bbox 533 280 2106 333; baseline -0.005 -5"><span class='ocrx_word' id='word_1_3' title='bbox 533 289 630 329; x_wconf 77' lang='lat'><strong>331.</strong></span> <span class='ocrx_word' id='word_1_4' title='bbox 675 297 917 328; x_wconf 78' lang='lat' dir='ltr'>SOELERVM</span> <span class='ocrx_word' id='word_1_5' title='bbox 949 296 1099 326; x_wconf 77' lang='lat' dir='ltr'>FVRIIS</span> <span class='ocrx_word' id='word_1_6' title='bbox 1139 283 1380 325; x_wconf 85' lang='lat' dir='ltr'><em>matricidio</em></span> <span class='ocrx_word' id='word_1_7' title='bbox 1414 282 1587 322; x_wconf 85' lang='lat' dir='ltr'><em>scilicet.</em></span> <span class='ocrx_word' id='word_1_8' title='bbox 1652 280 1808 322; x_wconf 86' lang='lat' dir='ltr'><em>Orestes</em></span> <span class='ocrx_word' id='word_1_9' title='bbox 1838 281 1963 331; x_wconf 74' lang='lat' dir='ltr'><em>enim,</em></span> <span class='ocrx_word' id='word_1_10' title='bbox 1996 280 2106 333; x_wconf 69' lang='lat' dir='ltr'><em>Agla—</em></span> 
     </span>
     <span class='ocr_line' id='line_1_3' title="bbox 415 351 2106 410; baseline -0.006 -9"><span class='ocrx_word' id='word_1_11' title='bbox 415 360 640 401; x_wconf 78' lang='lat' dir='ltr'><em>menmom&#39;s</em></span> <span class='ocrx_word' id='word_1_12' title='bbox 669 359 797 410; x_wconf 74' lang='lat' dir='ltr'><em>silius,</em></span> <span class='ocrx_word' id='word_1_13' title='bbox 836 370 926 397; x_wconf 76' lang='lat' dir='ltr'><em>eam</em></span> <span class='ocrx_word' id='word_1_14' title='bbox 963 356 1166 407; x_wconf 79' lang='lat' dir='ltr'><em>interfecto</em></span> <span class='ocrx_word' id='word_1_15' title='bbox 1192 357 1312 408; x_wconf 83' lang='lat' dir='ltr'><em>patre</em></span> <span class='ocrx_word' id='word_1_16' title='bbox 1342 367 1368 393; x_wconf 84' lang='lat' dir='ltr'><em>a</em></span> <span class='ocrx_word' id='word_1_17' title='bbox 1401 352 1669 406; x_wconf 74' lang='lat' dir='ltr'><em>Clytemestra</em></span> <span class='ocrx_word' id='word_1_18' title='bbox 1711 352 1874 404; x_wconf 71' lang='lat' dir='ltr'><em>eoniuye</em></span> <span class='ocrx_word' id='word_1_19' title='bbox 1913 354 1951 392; x_wconf 92' lang='lat' dir='ltr'><em>et</em></span> <span class='ocrx_word' id='word_1_20' title='bbox 1988 351 2106 392; x_wconf 75' lang='lat' dir='ltr'><em>adul-</em></span> 
     </span>
     <span class='ocr_line' id='line_1_4' title="bbox 418 421 2108 482; baseline -0.006 -11"><span class='ocrx_word' id='word_1_21' title='bbox 418 434 498 471; x_wconf 86' lang='lat' dir='ltr'><em>tero</em></span> <span class='ocrx_word' id='word_1_22' title='bbox 531 429 722 482; x_wconf 72' lang='lat' dir='ltr'><em>Aeyistleo</em></span> <span class='ocrx_word' id='word_1_23' title='bbox 759 429 843 480; x_wconf 81' lang='lat' dir='ltr'><em>ipse</em></span> <span class='ocrx_word' id='word_1_24' title='bbox 879 427 1106 467; x_wconf 75' lang='lat' dir='ltr'><em>subtractus</em></span> <span class='ocrx_word' id='word_1_25' title='bbox 1136 425 1317 478; x_wconf 80' lang='lat' dir='ltr'><em>periculo</em></span> <span class='ocrx_word' id='word_1_26' title='bbox 1356 426 1469 476; x_wconf 88' lang='lat' dir='ltr'><em>esset,</em></span> <span class='ocrx_word' id='word_1_27' title='bbox 1515 423 1628 475; x_wconf 76' lang='lat' dir='ltr'><em>apud</em></span> <span class='ocrx_word' id='word_1_28' title='bbox 1655 421 1910 475; x_wconf 67' lang='lat' dir='ltr'><em>Stroploimn,</em></span> <span class='ocrx_word' id='word_1_29' title='bbox 1945 425 2108 474; x_wconf 79' lang='lat' dir='ltr'><em>patrem</em></span> 
     </span>
     <span class='ocr_line' id='line_1_5' title="bbox 415 491 2109 554; baseline -0.006 -13"><span class='ocrx_word' id='word_1_30' title='bbox 415 501 604 554; x_wconf 74' lang='lat' dir='ltr'><em>Pyladis,</em></span> <span class='ocrx_word' id='word_1_31' title='bbox 648 499 837 540; x_wconf 71' lang='lat' dir='ltr'><em>educatus</em></span> <span class='ocrx_word' id='word_1_32' title='bbox 874 500 940 539; x_wconf 89' lang='lat' dir='ltr'><em>est.</em></span> <span class='ocrx_word' id='word_1_33' title='bbox 1001 497 1072 549; x_wconf 74' lang='lat' dir='ltr'><em>qui</em></span> <span class='ocrx_word' id='word_1_34' title='bbox 1109 510 1199 537; x_wconf 74' lang='lat' dir='ltr'><em>eum</em></span> <span class='ocrx_word' id='word_1_35' title='bbox 1239 494 1473 535; x_wconf 73' lang='lat' dir='ltr'><em>adolevisset</em></span> <span class='ocrx_word' id='word_1_36' title='bbox 1509 507 1600 534; x_wconf 76' lang='lat' dir='ltr'><em>eum</em></span> <span class='ocrx_word' id='word_1_37' title='bbox 1637 493 1766 533; x_wconf 74' lang='lat' dir='ltr'><em>amieo</em></span> <span class='ocrx_word' id='word_1_38' title='bbox 1805 491 1979 544; x_wconf 75' lang='lat' dir='ltr'><em>Pylade,</em></span> <span class='ocrx_word' id='word_1_39' title='bbox 2024 495 2109 532; x_wconf 80' lang='lat' dir='ltr'><em>tam</em></span> 
     </span>
    </p>
   </div>
   <div class='ocr_carea' id='block_1_3' title="bbox 369 562 2111 623">
    <p class='ocr_par' dir='ltr' id='par_1_3' title="bbox 369 562 2111 623">
     <span class='ocr_line' id='line_1_6' title="bbox 369 562 2111 623; baseline -0.005 -13"><span class='ocrx_word' id='word_1_40' title='bbox 369 580 389 610; x_wconf 83' lang='lat'>5</span> <span class='ocrx_word' id='word_1_41' title='bbox 417 570 656 623; x_wconf 68' lang='lat' dir='ltr'><em>Aeyistliam</em></span> <span class='ocrx_word' id='word_1_42' title='bbox 687 582 810 621; x_wconf 70' lang='lat' dir='ltr'><em>quam</em></span> <span class='ocrx_word' id='word_1_43' title='bbox 841 571 1013 608; x_wconf 58' lang='lat' dir='ltr'><em>anati-em</em></span> <span class='ocrx_word' id='word_1_44' title='bbox 1037 567 1229 620; x_wconf 81' lang='lat' dir='ltr'><em>peremit:</em></span> <span class='ocrx_word' id='word_1_45' title='bbox 1263 565 1308 606; x_wconf 78' lang='lat' dir='ltr'><em>ob</em></span> <span class='ocrx_word' id='word_1_46' title='bbox 1339 578 1462 617; x_wconf 73' lang='lat' dir='ltr'><em>quam</em></span> <span class='ocrx_word' id='word_1_47' title='bbox 1493 577 1659 605; x_wconf 76' lang='lat' dir='ltr'><em>eausam</em></span> <span class='ocrx_word' id='word_1_48' title='bbox 1688 563 1814 614; x_wconf 74' lang='lat' dir='ltr'><em>furiis</em></span> <span class='ocrx_word' id='word_1_49' title='bbox 1844 562 2022 615; x_wconf 70' lang='lat' dir='ltr'><em>ayitatus</em></span> <span class='ocrx_word' id='word_1_50' title='bbox 2053 565 2111 604; x_wconf 82' lang='lat' dir='ltr'><em>est</em></span> 
     </span>
    </p>
   </div>
   <div class='ocr_carea' id='block_1_4' title="bbox 415 633 2113 906">
    <p class='ocr_par' dir='ltr' id='par_1_4' title="bbox 415 633 2113 906">
     <span class='ocr_line' id='line_1_7' title="bbox 416 633 2109 692; baseline -0.005 -10"><span class='ocrx_word' id='word_1_51' title='bbox 416 655 485 682; x_wconf 72' lang='lat' dir='ltr'><em>ozee</em></span> <span class='ocrx_word' id='word_1_52' title='bbox 516 644 608 681; x_wconf 72' lang='lat' dir='ltr'><em>ante</em></span> <span class='ocrx_word' id='word_1_53' title='bbox 636 640 777 692; x_wconf 74' lang='lat' dir='ltr'><em>farore</em></span> <span class='ocrx_word' id='word_1_54' title='bbox 809 638 1011 692; x_wconf 74' lang='lat' dir='ltr'><em>liberatas,</em></span> <span class='ocrx_word' id='word_1_55' title='bbox 1043 652 1166 691; x_wconf 66' lang='lat' dir='ltr'><em>quemi</em></span> <span class='ocrx_word' id='word_1_56' title='bbox 1191 636 1435 689; x_wconf 76' lang='lat' dir='ltr'><em>pervenisset</em></span> <span class='ocrx_word' id='word_1_57' title='bbox 1465 635 1510 676; x_wconf 75' lang='lat' dir='ltr'><em>in</em></span> <span class='ocrx_word' id='word_1_58' title='bbox 1544 635 1765 675; x_wconf 71' lang='lat' dir='ltr'><em>Tauricam</em></span> <span class='ocrx_word' id='word_1_59' title='bbox 1796 633 2008 686; x_wconf 68' lang='lat' dir='ltr'><em>reyionem,</em></span> <span class='ocrx_word' id='word_1_60' title='bbox 2039 633 2109 674; x_wconf 58' lang='lat' dir='ltr'><em>subt</em></span> 
     </span>
     <span class='ocr_line' id='line_1_8' title="bbox 415 703 2108 764; baseline -0.005 -11"><span class='ocrx_word' id='word_1_61' title='bbox 415 726 530 753; x_wconf 89' lang='lat' dir='ltr'><em>soror</em></span> <span class='ocrx_word' id='word_1_62' title='bbox 561 712 646 752; x_wconf 74' lang='lat' dir='ltr'><em>eius</em></span> <span class='ocrx_word' id='word_1_63' title='bbox 665 710 894 764; x_wconf 60' lang='lat' dir='ltr'><em>Iplziqenia,</em></span> <span class='ocrx_word' id='word_1_64' title='bbox 925 710 1119 751; x_wconf 75' lang='lat' dir='ltr'><em>subducta</em></span> <span class='ocrx_word' id='word_1_65' title='bbox 1144 723 1169 749; x_wconf 80' lang='lat' dir='ltr'><em>a</em></span> <span class='ocrx_word' id='word_1_66' title='bbox 1191 708 1338 749; x_wconf 80' lang='lat' dir='ltr'><em>Diana</em></span> <span class='ocrx_word' id='word_1_67' title='bbox 1363 706 1475 759; x_wconf 75' lang='lat' dir='ltr'><em>apud</em></span> <span class='ocrx_word' id='word_1_68' title='bbox 1492 705 1688 746; x_wconf 70' lang='lat' dir='ltr'><em>Aulidem</em></span> <span class='ocrx_word' id='word_1_69' title='bbox 1718 704 1931 757; x_wconf 75' lang='lat' dir='ltr'><em>sacrificio,</em></span> <span class='ocrx_word' id='word_1_70' title='bbox 1964 703 2108 757; x_wconf 80' lang='lat' dir='ltr'><em>templo</em></span> 
     </span>
     <span class='ocr_line' id='line_1_9' title="bbox 417 775 2113 834; baseline -0.004 -11"><span class='ocrx_word' id='word_1_71' title='bbox 417 782 584 824; x_wconf 72' lang='lat' dir='ltr'><em>Diawae</em></span> <span class='ocrx_word' id='word_1_72' title='bbox 611 784 805 834; x_wconf 73' lang='lat' dir='ltr'><em>praeerat</em></span> <span class='ocrx_word' id='word_1_73' title='bbox 841 784 878 822; x_wconf 90' lang='lat' dir='ltr'><em>et</em></span> <span class='ocrx_word' id='word_1_74' title='bbox 913 795 1022 821; x_wconf 77' lang='lat' dir='ltr'><em>more</em></span> <span class='ocrx_word' id='word_1_75' title='bbox 1050 781 1180 833; x_wconf 70' lang='lat' dir='ltr'><em>gyeritis</em></span> <span class='ocrx_word' id='word_1_76' title='bbox 1211 780 1305 820; x_wconf 81' lang='lat' dir='ltr'><em>(leae</em></span> <span class='ocrx_word' id='word_1_77' title='bbox 1335 777 1508 829; x_wconf 72' lang='lat' dir='ltr'><em>hospites</em></span> <span class='ocrx_word' id='word_1_78' title='bbox 1539 776 1786 817; x_wconf 77' lang='lat' dir='ltr'><em>immolabat.</em></span> <span class='ocrx_word' id='word_1_79' title='bbox 1849 775 1904 815; x_wconf 82' lang='lat' dir='ltr'><em>ibi</em></span> <span class='ocrx_word' id='word_1_80' title='bbox 1935 788 2025 816; x_wconf 75' lang='lat' dir='ltr'><em>eum</em></span> <span class='ocrx_word' id='word_1_81' title='bbox 2056 775 2113 816; x_wconf 84' lang='lat' dir='ltr'><em>ad</em></span> 
     </span>
     <span class='ocr_line' id='line_1_10' title="bbox 417 846 2112 906; baseline -0.005 -11"><span class='ocrx_word' id='word_1_82' title='bbox 417 867 515 895; x_wconf 85' lang='lat' dir='ltr'><em>aras</em></span> <span class='ocrx_word' id='word_1_83' title='bbox 540 855 768 906; x_wconf 71' lang='lat' dir='ltr'><em>pertractus</em></span> <span class='ocrx_word' id='word_1_84' title='bbox 799 855 910 905; x_wconf 78' lang='lat' dir='ltr'><em>esset,</em></span> <span class='ocrx_word' id='word_1_85' title='bbox 947 855 994 892; x_wconf 74' lang='lat' dir='ltr'><em>ut</em></span> <span class='ocrx_word' id='word_1_86' title='bbox 1025 855 1232 903; x_wconf 68' lang='lat' dir='ltr'><em>tamquam</em></span> <span class='ocrx_word' id='word_1_87' title='bbox 1263 848 1402 901; x_wconf 72' lang='lat' dir='ltr'><em>hospes</em></span> <span class='ocrx_word' id='word_1_88' title='bbox 1433 847 1693 897; x_wconf 74' lang='lat' dir='ltr'><em>occideretur,</em></span> <span class='ocrx_word' id='word_1_89' title='bbox 1726 846 1891 899; x_wconf 66' lang='lat' dir='ltr'><em>equitus</em></span> <span class='ocrx_word' id='word_1_90' title='bbox 1921 859 1948 885; x_wconf 91' lang='lat' dir='ltr'><em>a</em></span> <span class='ocrx_word' id='word_1_91' title='bbox 1978 858 2112 886; x_wconf 86' lang='lat' dir='ltr'><em>sorore</em></span> 
     </span>
    </p>
   </div>
   <div class='ocr_carea' id='block_1_5' title="bbox 352 917 2109 975">
    <p class='ocr_par' dir='ltr' id='par_1_5' title="bbox 352 917 2109 975">
     <span class='ocr_line' id='line_1_11' title="bbox 352 917 2109 975; baseline -0.004 -11"><span class='ocrx_word' id='word_1_92' title='bbox 352 933 393 964; x_wconf 90' lang='lat'><em>10</em></span> <span class='ocrx_word' id='word_1_93' title='bbox 419 925 646 967; x_wconf 73' lang='lat' dir='ltr'><em>subtractus</em></span> <span class='ocrx_word' id='word_1_94' title='bbox 677 927 733 964; x_wconf 87' lang='lat' dir='ltr'><em>est</em></span> <span class='ocrx_word' id='word_1_95' title='bbox 763 923 906 963; x_wconf 81' lang='lat' dir='ltr'><em>morti:</em></span> <span class='ocrx_word' id='word_1_96' title='bbox 931 925 1041 975; x_wconf 81' lang='lat' dir='ltr'><em>post,</em></span> <span class='ocrx_word' id='word_1_97' title='bbox 1073 923 1228 973; x_wconf 78' lang='lat' dir='ltr'><em>accepto</em></span> <span class='ocrx_word' id='word_1_98' title='bbox 1259 932 1463 971; x_wconf 77' lang='lat' dir='ltr'><em>responso,</em></span> <span class='ocrx_word' id='word_1_99' title='bbox 1494 917 1650 959; x_wconf 77' lang='lat' dir='ltr'><em>sublato</em></span> <span class='ocrx_word' id='word_1_100' title='bbox 1682 917 1849 958; x_wconf 75' lang='lat' dir='ltr'><em>Dianae</em></span> <span class='ocrx_word' id='word_1_101' title='bbox 1879 917 2109 966; x_wconf 67' lang='lat' dir='ltr'><em>sirmtlaera</em></span> 
     </span>
    </p>
   </div>
   <div class='ocr_carea' id='block_1_6' title="bbox 349 1287 391 1317">
    <p class='ocr_par' dir='ltr' id='par_1_6' title="bbox 349 1287 391 1317">
     <span class='ocr_line' id='line_1_12' title="bbox 349 1287 391 1317; baseline 0.024 -1"><span class='ocrx_word' id='word_1_102' title='bbox 349 1287 391 1317; x_wconf 83' lang='lat'><em>15</em></span> 
     </span>
    </p>
   </div>
   <div class='ocr_carea' id='block_1_7' title="bbox 349 1640 392 1670">
    <p class='ocr_par' dir='ltr' id='par_1_7' title="bbox 349 1640 392 1670">
     <span class='ocr_line' id='line_1_13' title="bbox 349 1640 392 1670; baseline 0 0"><span class='ocrx_word' id='word_1_103' title='bbox 349 1640 392 1670; x_wconf 83' lang='lat'><em>20</em></span> 
     </span>
    </p>
   </div>
   <div class='ocr_carea' id='block_1_8' title="bbox 409 987 2116 2034">
    <p class='ocr_par' dir='ltr' id='par_1_8' title="bbox 409 987 2111 1191">
     <span class='ocr_line' id='line_1_14' title="bbox 417 987 2111 1042; baseline -0.006 -4"><span class='ocrx_word' id='word_1_104' title='bbox 417 1009 594 1038; x_wconf 80' lang='lat' dir='ltr'><em>sororem</em></span> <span class='ocrx_word' id='word_1_105' title='bbox 625 994 786 1036; x_wconf 66' lang='lat' dir='ltr'><em>reduxit</em></span> <span class='ocrx_word' id='word_1_106' title='bbox 815 994 861 1034; x_wconf 73' lang='lat' dir='ltr'><em>in</em></span> <span class='ocrx_word' id='word_1_107' title='bbox 881 993 1074 1042; x_wconf 74' lang='lat' dir='ltr'><em>Atticam,</em></span> <span class='ocrx_word' id='word_1_108' title='bbox 1106 992 1175 1032; x_wconf 68' lang='lat' dir='ltr'><em>ubi·</em></span> <span class='ocrx_word' id='word_1_109' title='bbox 1206 992 1251 1031; x_wconf 72' lang='lat' dir='ltr'><em>in</em></span> <span class='ocrx_word' id='word_1_110' title='bbox 1282 990 1471 1030; x_wconf 70' lang='lat' dir='ltr'><em>honorem</em></span> <span class='ocrx_word' id='word_1_111' title='bbox 1503 988 1726 1029; x_wconf 68' lang='lat' dir='ltr'><em>conservati</em></span> <span class='ocrx_word' id='word_1_112' title='bbox 1750 988 1936 1029; x_wconf 67' lang='lat' dir='ltr'><em>miminis</em></span> <span class='ocrx_word' id='word_1_113' title='bbox 1957 987 2111 1028; x_wconf 74' lang='lat' dir='ltr'><em>Tauro-</em></span> 
     </span>
     <span class='ocr_line' id='line_1_15' title="bbox 409 1057 2110 1119; baseline -0.005 -12"><span class='ocrx_word' id='word_1_114' title='bbox 409 1067 529 1119; x_wconf 77' lang='lat' dir='ltr'><em>polin</em></span> <span class='ocrx_word' id='word_1_115' title='bbox 560 1065 788 1119; x_wconf 53' lang='lat' dir='ltr'><em>(apellavit.</em></span> <span class='ocrx_word' id='word_1_116' title='bbox 946 1074 1174 1105; x_wconf 77' lang='lat' dir='ltr'><em>AGITATvs</em></span> <span class='ocrx_word' id='word_1_117' title='bbox 1209 1060 1468 1102; x_wconf 84' lang='lat' dir='ltr'><em>stimulatus.</em></span> <span class='ocrx_word' id='word_1_118' title='bbox 1531 1058 1668 1101; x_wconf 79' lang='lat' dir='ltr'><em>Cicero</em></span> <span class='ocrx_word' id='word_1_119' title='bbox 1699 1059 1744 1099; x_wconf 72' lang='lat' dir='ltr'><em>in</em></span> <span class='ocrx_word' id='word_1_120' title='bbox 1776 1058 1982 1100; x_wconf 73' lang='lat' dir='ltr'><em>Rosciana</em></span> <span class='ocrx_word' id='word_1_121' title='bbox 2015 1057 2110 1111; x_wconf 77' lang='lat'><em>&lt;24,</em></span> 
     </span>
     <span class='ocr_line' id='line_1_16' title="bbox 418 1129 1898 1191; baseline -0.005 -13"><span class='ocrx_word' id='word_1_122' title='bbox 418 1138 501 1191; x_wconf 79' lang='lat'><em>67&gt;</em></span> <span class='ocrx_word' id='word_1_123' title='bbox 533 1137 725 1190; x_wconf 70' lang='lat' dir='ltr'><em>ayitari</em></span> <span class='ocrx_word' id='word_1_124' title='bbox 755 1139 797 1176; x_wconf 91' lang='lat' dir='ltr'><em>et</em></span> <span class='ocrx_word' id='word_1_125' title='bbox 819 1135 1095 1188; x_wconf 81' lang='lat' dir='ltr'><em>perterreri</em></span> <span class='ocrx_word' id='word_1_126' title='bbox 1123 1134 1378 1186; x_wconf 73' lang='lat' dir='ltr'><em>furiarmn</em></span> <span class='ocrx_word' id='word_1_127' title='bbox 1411 1130 1568 1171; x_wconf 76' lang='lat' dir='ltr'><em>taedis</em></span> <span class='ocrx_word' id='word_1_128' title='bbox 1599 1129 1898 1171; x_wconf 71' lang='lat' dir='ltr'><em>ardentibus.</em></span> 
     </span>
    </p>

    <p class='ocr_par' dir='ltr' id='par_1_9' title="bbox 412 1200 2116 2034">
     <span class='ocr_line' id='line_1_17' title="bbox 536 1200 2111 1257; baseline -0.006 -8"><span class='ocrx_word' id='word_1_129' title='bbox 536 1209 634 1249; x_wconf 77' lang='lat'><strong>332.</strong></span> <span class='ocrx_word' id='word_1_130' title='bbox 682 1218 865 1248; x_wconf 75' lang='lat' dir='ltr'>EXCIPIT</span> <span class='ocrx_word' id='word_1_131' title='bbox 899 1206 997 1247; x_wconf 87' lang='lat' dir='ltr'><em>dolo</em></span> <span class='ocrx_word' id='word_1_132' title='bbox 1031 1203 1246 1257; x_wconf 78' lang='lat' dir='ltr'><em>interficit,</em></span> <span class='ocrx_word' id='word_1_133' title='bbox 1278 1205 1323 1243; x_wconf 51' lang='lat' dir='ltr'><em>¹nt</em></span> <span class='ocrx_word' id='word_1_134' title='bbox 1355 1200 1579 1255; x_wconf 81' lang='lat' dir='ltr'>&lt;V1173&gt;</span> <span class='ocrx_word' id='word_1_135' title='bbox 1611 1200 1833 1241; x_wconf 72' lang='lat' dir='ltr'><em>aemulus</em></span> <span class='ocrx_word' id='word_1_136' title='bbox 1864 1202 2111 1252; x_wconf 70' lang='lat' dir='ltr'><em>exceptum</em></span> 
     </span>
     <span class='ocr_line' id='line_1_18' title="bbox 421 1271 2113 1325; baseline -0.006 -4"><span class='ocrx_word' id='word_1_137' title='bbox 421 1281 460 1321; x_wconf 82' lang='lat' dir='ltr'><em>T</em></span> <span class='ocrx_word' id='word_1_138' title='bbox 463 1281 605 1321; x_wconf 61' lang='lat' dir='ltr'><em>raon.</em></span> <span class='ocrx_word' id='word_1_139' title='bbox 749 1288 942 1318; x_wconf 80' lang='lat' dir='ltr'><em>PATRIAS</em></span> <span class='ocrx_word' id='word_1_140' title='bbox 976 1287 1091 1317; x_wconf 80' lang='lat' dir='ltr'>ARAS</span> <span class='ocrx_word' id='word_1_141' title='bbox 1126 1275 1200 1316; x_wconf 85' lang='lat' dir='ltr'><em>alii</em></span> <span class='ocrx_word' id='word_1_142' title='bbox 1232 1272 1452 1314; x_wconf 84' lang='lat' dir='ltr'><em>Achilleas</em></span> <span class='ocrx_word' id='word_1_143' title='bbox 1487 1271 1765 1325; x_wconf 67' lang='lat' dir='ltr'><em>intellegunt,</em></span> <span class='ocrx_word' id='word_1_144' title='bbox 1800 1272 1892 1322; x_wconf 73' lang='lat' dir='ltr'><em>[aut</em></span> <span class='ocrx_word' id='word_1_145' title='bbox 1921 1271 2028 1323; x_wconf 76' lang='lat' dir='ltr'><em>quod</em></span> <span class='ocrx_word' id='word_1_146' title='bbox 2056 1271 2113 1312; x_wconf 72' lang='lat' dir='ltr'><em>ibi</em></span> 
     </span>
     <span class='ocr_line' id='line_1_19' title="bbox 418 1341 2112 1400; baseline -0.005 -9"><span class='ocrx_word' id='word_1_147' title='bbox 418 1350 596 1392; x_wconf 74' lang='lat' dir='ltr'><em>Achilles</em></span> <span class='ocrx_word' id='word_1_148' title='bbox 637 1349 786 1390; x_wconf 74' lang='lat' dir='ltr'><em>occisus</em></span> <span class='ocrx_word' id='word_1_149' title='bbox 825 1349 895 1400; x_wconf 84' lang='lat' dir='ltr'><em>sit]</em></span> <span class='ocrx_word' id='word_1_150' title='bbox 939 1362 1040 1389; x_wconf 84' lang='lat' dir='ltr'><em>nam</em></span> <span class='ocrx_word' id='word_1_151' title='bbox 1081 1345 1292 1400; x_wconf 78' lang='lat' dir='ltr'><em>Pyrrhus,</em></span> <span class='ocrx_word' id='word_1_152' title='bbox 1332 1345 1380 1384; x_wconf 86' lang='lat' dir='ltr'><em>ut</em></span> <span class='ocrx_word' id='word_1_153' title='bbox 1420 1343 1464 1383; x_wconf 89' lang='lat' dir='ltr'><em>in</em></span> <span class='ocrx_word' id='word_1_154' title='bbox 1504 1342 1690 1383; x_wconf 88' lang='lat' dir='ltr'><em>historia</em></span> <span class='ocrx_word' id='word_1_155' title='bbox 1728 1341 1930 1395; x_wconf 81' lang='lat' dir='ltr'><em>legimus,</em></span> <span class='ocrx_word' id='word_1_156' title='bbox 1972 1342 2112 1383; x_wconf 85' lang='lat' dir='ltr'><em>occiso</em></span> 
     </span>
     <span class='ocr_line' id='line_1_20' title="bbox 418 1411 2113 1475; baseline -0.006 -13"><span class='ocrx_word' id='word_1_157' title='bbox 418 1424 539 1475; x_wconf 87' lang='lat' dir='ltr'><em>patre</em></span> <span class='ocrx_word' id='word_1_158' title='bbox 571 1420 616 1460; x_wconf 90' lang='lat' dir='ltr'><em>in</em></span> <span class='ocrx_word' id='word_1_159' title='bbox 647 1419 809 1472; x_wconf 85' lang='lat' dir='ltr'><em>templo</em></span> <span class='ocrx_word' id='word_1_160' title='bbox 832 1418 1049 1472; x_wconf 78' lang='lat' dir='ltr'><em>Apollinis</em></span> <span class='ocrx_word' id='word_1_161' title='bbox 1071 1414 1333 1469; x_wconf 79' lang='lat' dir='ltr'><em>Thymbraei</em></span> <span class='ocrx_word' id='word_1_162' title='bbox 1367 1427 1563 1453; x_wconf 86' lang='lat' dir='ltr'><em>reversus</em></span> <span class='ocrx_word' id='word_1_163' title='bbox 1591 1412 1643 1453; x_wconf 90' lang='lat' dir='ltr'><em>ad</em></span> <span class='ocrx_word' id='word_1_164' title='bbox 1669 1412 1868 1466; x_wconf 85' lang='lat' dir='ltr'><em>patriam,</em></span> <span class='ocrx_word' id='word_1_165' title='bbox 1901 1411 1945 1452; x_wconf 86' lang='lat' dir='ltr'><em>in</em></span> <span class='ocrx_word' id='word_1_166' title='bbox 1976 1412 2113 1453; x_wconf 83' lang='lat' dir='ltr'><em>numi-</em></span> 
     </span>
     <span class='ocr_line' id='line_1_21' title="bbox 417 1482 2115 1541; baseline -0.006 -8"><span class='ocrx_word' id='word_1_167' title='bbox 417 1492 483 1533; x_wconf 88' lang='lat' dir='ltr'><em>nis</em></span> <span class='ocrx_word' id='word_1_168' title='bbox 522 1490 851 1532; x_wconf 84' lang='lat' dir='ltr'><em>insultationem</em></span> <span class='ocrx_word' id='word_1_169' title='bbox 889 1490 934 1530; x_wconf 87' lang='lat' dir='ltr'><em>in</em></span> <span class='ocrx_word' id='word_1_170' title='bbox 971 1487 1135 1541; x_wconf 85' lang='lat' dir='ltr'><em>templo</em></span> <span class='ocrx_word' id='word_1_171' title='bbox 1175 1487 1264 1527; x_wconf 88' lang='lat' dir='ltr'><em>eius</em></span> <span class='ocrx_word' id='word_1_172' title='bbox 1297 1484 1507 1538; x_wconf 88' lang='lat' dir='ltr'><em>Delphico</em></span> <span class='ocrx_word' id='word_1_173' title='bbox 1542 1498 1636 1524; x_wconf 86' lang='lat' dir='ltr'><em>aras</em></span> <span class='ocrx_word' id='word_1_174' title='bbox 1669 1484 1783 1537; x_wconf 85' lang='lat' dir='ltr'><em>patri</em></span> <span class='ocrx_word' id='word_1_175' title='bbox 1815 1482 2040 1523; x_wconf 88' lang='lat' dir='ltr'><em>constituit</em></span> <span class='ocrx_word' id='word_1_176' title='bbox 2073 1485 2115 1523; x_wconf 84' lang='lat' dir='ltr'><em>et</em></span> 
     </span>
     <span class='ocr_line' id='line_1_22' title="bbox 419 1552 2115 1615; baseline -0.006 -12"><span class='ocrx_word' id='word_1_177' title='bbox 419 1562 508 1603; x_wconf 87' lang='lat' dir='ltr'><em>illic</em></span> <span class='ocrx_word' id='word_1_178' title='bbox 542 1562 579 1603; x_wconf 87' lang='lat' dir='ltr'><em>ei</em></span> <span class='ocrx_word' id='word_1_179' title='bbox 613 1561 753 1615; x_wconf 87' lang='lat' dir='ltr'><em>coepit</em></span> <span class='ocrx_word' id='word_1_180' title='bbox 785 1560 1041 1601; x_wconf 82' lang='lat' dir='ltr'><em>sacrificare:</em></span> <span class='ocrx_word' id='word_1_181' title='bbox 1081 1559 1221 1610; x_wconf 73' lang='lat' dir='ltr'><em>[neque</em></span> <span class='ocrx_word' id='word_1_182' title='bbox 1252 1556 1359 1597; x_wconf 73' lang='lat' dir='ltr'><em>enim</em></span> <span class='ocrx_word' id='word_1_183' title='bbox 1390 1558 1464 1595; x_wconf 72' lang='lat' dir='ltr'><em>aut</em></span> <span class='ocrx_word' id='word_1_184' title='bbox 1494 1553 1699 1608; x_wconf 72' lang='lat' dir='ltr'><em>Pyrrhus,</em></span> <span class='ocrx_word' id='word_1_185' title='bbox 1731 1556 1804 1594; x_wconf 76' lang='lat' dir='ltr'><em>aut</em></span> <span class='ocrx_word' id='word_1_186' title='bbox 1835 1553 1984 1605; x_wconf 79' lang='lat' dir='ltr'><em>Apollo</em></span> <span class='ocrx_word' id='word_1_187' title='bbox 2017 1552 2115 1594; x_wconf 88' lang='lat' dir='ltr'><em>Del—</em></span> 
     </span>
     <span class='ocr_line' id='line_1_23' title="bbox 412 1622 2114 1687; baseline -0.005 -13"><span class='ocrx_word' id='word_1_188' title='bbox 412 1633 510 1687; x_wconf 73' lang='lat' dir='ltr'><em>phis</em></span> <span class='ocrx_word' id='word_1_189' title='bbox 541 1633 706 1673; x_wconf 74' lang='lat' dir='ltr'><em>oriundi</em></span> <span class='ocrx_word' id='word_1_190' title='bbox 737 1632 860 1683; x_wconf 66' lang='lat' dir='ltr'><em>seuit]</em></span> <span class='ocrx_word' id='word_1_191' title='bbox 909 1630 982 1670; x_wconf 85' lang='lat' dir='ltr'><em>alii</em></span> <span class='ocrx_word' id='word_1_192' title='bbox 1005 1626 1210 1683; x_wconf 76' lang='lat' dir='ltr'><em>‘patrias’</em></span> <span class='ocrx_word' id='word_1_193' title='bbox 1233 1626 1485 1680; x_wconf 87' lang='lat' dir='ltr'><em>Apollineas</em></span> <span class='ocrx_word' id='word_1_194' title='bbox 1513 1625 1664 1665; x_wconf 86' lang='lat' dir='ltr'><em>volunt</em></span> <span class='ocrx_word' id='word_1_195' title='bbox 1690 1638 1714 1664; x_wconf 84' lang='lat' dir='ltr'><em>a</em></span> <span class='ocrx_word' id='word_1_196' title='bbox 1734 1623 1891 1676; x_wconf 74' lang='lat' dir='ltr'><em>Patris,</em></span> <span class='ocrx_word' id='word_1_197' title='bbox 1924 1622 2114 1665; x_wconf 82' lang='lat' dir='ltr'><em>Achaiae</em></span> 
     </span>
     <span class='ocr_line' id='line_1_24' title="bbox 419 1694 2115 1757; baseline -0.007 -12"><span class='ocrx_word' id='word_1_198' title='bbox 419 1705 606 1757; x_wconf 83' lang='lat' dir='ltr'><em>civitate,</em></span> <span class='ocrx_word' id='word_1_199' title='bbox 638 1703 683 1743; x_wconf 87' lang='lat' dir='ltr'><em>in</em></span> <span class='ocrx_word' id='word_1_200' title='bbox 715 1717 798 1757; x_wconf 85' lang='lat' dir='ltr'><em>qua</em></span> <span class='ocrx_word' id='word_1_201' title='bbox 829 1702 1002 1742; x_wconf 73' lang='lat' dir='ltr'><em>Patrius</em></span> <span class='ocrx_word' id='word_1_202' title='bbox 1033 1698 1190 1752; x_wconf 85' lang='lat' dir='ltr'><em>Apollo</em></span> <span class='ocrx_word' id='word_1_203' title='bbox 1225 1697 1392 1738; x_wconf 85' lang='lat' dir='ltr'><em>colitur.</em></span> <span class='ocrx_word' id='word_1_204' title='bbox 1447 1709 1526 1736; x_wconf 84' lang='lat' dir='ltr'><em>uec</em></span> <span class='ocrx_word' id='word_1_205' title='bbox 1558 1694 1759 1735; x_wconf 83' lang='lat' dir='ltr'><em>debemus</em></span> <span class='ocrx_word' id='word_1_206' title='bbox 1794 1708 2008 1748; x_wconf 76' lang='lat' dir='ltr'><em>quaerere,</em></span> <span class='ocrx_word' id='word_1_207' title='bbox 2042 1708 2115 1735; x_wconf 86' lang='lat' dir='ltr'><em>cur</em></span> 
     </span>
     <span class='ocr_line' id='line_1_25' title="bbox 418 1764 2113 1827; baseline -0.007 -11"><span class='ocrx_word' id='word_1_208' title='bbox 418 1790 504 1816; x_wconf 85' lang='lat' dir='ltr'><em>non</em></span> <span class='ocrx_word' id='word_1_209' title='bbox 536 1773 768 1827; x_wconf 79' lang='lat' dir='ltr'><em>Delphicas</em></span> <span class='ocrx_word' id='word_1_210' title='bbox 807 1771 978 1825; x_wconf 85' lang='lat' dir='ltr'><em>dixerit,</em></span> <span class='ocrx_word' id='word_1_211' title='bbox 1024 1770 1124 1824; x_wconf 85' lang='lat' dir='ltr'><em>quia</em></span> <span class='ocrx_word' id='word_1_212' title='bbox 1163 1768 1354 1822; x_wconf 85' lang='lat' dir='ltr'><em>epitheta</em></span> <span class='ocrx_word' id='word_1_213' title='bbox 1391 1767 1435 1807; x_wconf 87' lang='lat' dir='ltr'><em>in</em></span> <span class='ocrx_word' id='word_1_214' title='bbox 1475 1766 1614 1807; x_wconf 85' lang='lat' dir='ltr'><em>alieno</em></span> <span class='ocrx_word' id='word_1_215' title='bbox 1652 1765 1830 1819; x_wconf 80' lang='lat' dir='ltr'><em>negotio</em></span> <span class='ocrx_word' id='word_1_216' title='bbox 1863 1764 2113 1818; x_wconf 84' lang='lat' dir='ltr'><em>plerumque</em></span> 
     </span>
     <span class='ocr_line' id='line_1_26' title="bbox 420 1834 2114 1899; baseline -0.007 -12"><span class='ocrx_word' id='word_1_217' title='bbox 420 1846 504 1886; x_wconf 80' lang='lat' dir='ltr'><em>alia</em></span> <span class='ocrx_word' id='word_1_218' title='bbox 542 1847 776 1899; x_wconf 84' lang='lat' dir='ltr'><em>ponuntur,</em></span> <span class='ocrx_word' id='word_1_219' title='bbox 821 1846 868 1883; x_wconf 91' lang='lat' dir='ltr'><em>ut</em></span> <span class='ocrx_word' id='word_1_220' title='bbox 907 1842 951 1882; x_wconf 86' lang='lat' dir='ltr'><em>in</em></span> <span class='ocrx_word' id='word_1_221' title='bbox 990 1842 1142 1894; x_wconf 86' lang='lat' dir='ltr'><em>quarto</em></span> <span class='ocrx_word' id='word_1_222' title='bbox 1181 1837 1322 1890; x_wconf 72' lang='lat'><strong>(345)</strong></span> <span class='ocrx_word' id='word_1_223' title='bbox 1362 1836 1569 1878; x_wconf 82' lang='lat' dir='ltr'><em>Italiam</em></span> <span class='ocrx_word' id='word_1_224' title='bbox 1611 1849 1844 1889; x_wconf 81' lang='lat' dir='ltr'><em>magnam</em></span> <span class='ocrx_word' id='word_1_225' title='bbox 1886 1834 2114 1888; x_wconf 85' lang='lat' dir='ltr'><em>Gryneus</em></span> 
     </span>
     <span class='ocr_line' id='line_1_27' title="bbox 420 1908 2114 1970; baseline -0.008 -12"><span class='ocrx_word' id='word_1_226' title='bbox 420 1916 630 1970; x_wconf 85' lang='lat' dir='ltr'><em>Apollo,</em></span> <span class='ocrx_word' id='word_1_227' title='bbox 674 1915 882 1956; x_wconf 85' lang='lat' dir='ltr'><em>Italiam</em></span> <span class='ocrx_word' id='word_1_228' title='bbox 928 1911 1112 1965; x_wconf 80' lang='lat' dir='ltr'><em>Lyciae</em></span> <span class='ocrx_word' id='word_1_229' title='bbox 1159 1909 1354 1950; x_wconf 88' lang='lat' dir='ltr'><em>iussere</em></span> <span class='ocrx_word' id='word_1_230' title='bbox 1399 1921 1666 1961; x_wconf 81' lang='lat' dir='ltr'><em>capessere</em></span> <span class='ocrx_word' id='word_1_231' title='bbox 1712 1908 1896 1959; x_wconf 88' lang='lat' dir='ltr'><em>sortes,</em></span> <span class='ocrx_word' id='word_1_232' title='bbox 1947 1920 2041 1946; x_wconf 85' lang='lat' dir='ltr'><em>cum</em></span> <span class='ocrx_word' id='word_1_233' title='bbox 2089 1919 2114 1945; x_wconf 91' lang='lat' dir='ltr'><em>a</em></span> 
     </span>
     <span class='ocr_line' id='line_1_28' title="bbox 422 1971 2116 2034; baseline -0.007 -6"><span class='ocrx_word' id='word_1_234' title='bbox 422 1988 545 2028; x_wconf 88' lang='lat' dir='ltr'><em>Delio</em></span> <span class='ocrx_word' id='word_1_235' title='bbox 585 1989 752 2027; x_wconf 78' lang='lat' dir='ltr'><em>tantun]</em></span> <span class='ocrx_word' id='word_1_236' title='bbox 793 2000 888 2026; x_wconf 84' lang='lat' dir='ltr'><em>eum</em></span> <span class='ocrx_word' id='word_1_237' title='bbox 927 1984 1095 2024; x_wconf 84' lang='lat' dir='ltr'><em>constet</em></span> <span class='ocrx_word' id='word_1_238' title='bbox 1132 1971 1343 2034; x_wconf 87' lang='lat' dir='ltr'><em>accepisse</em></span> <span class='ocrx_word' id='word_1_239' title='bbox 1381 1993 1598 2033; x_wconf 85' lang='lat' dir='ltr'><em>responsa.</em></span> <span class='ocrx_word' id='word_1_240' title='bbox 1659 1981 1754 2018; x_wconf 73' lang='lat' dir='ltr'><em>simt</em></span> <span class='ocrx_word' id='word_1_241' title='bbox 1792 1978 1863 2029; x_wconf 76' lang='lat' dir='ltr'><em>qai</em></span> <span class='ocrx_word' id='word_1_242' title='bbox 1893 1978 2033 2018; x_wconf 68' lang='lat' dir='ltr'><em>(licant</em></span> <span class='ocrx_word' id='word_1_243' title='bbox 2063 1976 2116 2017; x_wconf 83' lang='lat' dir='ltr'><em>ab</em></span> 
     </span>
    </p>
   </div>
   <div class='ocr_carea' id='block_1_9' title="bbox 518 2106 1697 2157">
    <p class='ocr_par' dir='ltr' id='par_1_10' title="bbox 518 2106 1697 2157">
     <span class='ocr_line' id='line_1_29' title="bbox 518 2106 1697 2157; baseline -0.008 -9"><span class='ocrx_word' id='word_1_244' title='bbox 518 2120 558 2149; x_wconf 80' lang='lat' dir='ltr'><em>1ss</em></span> <span class='ocrx_word' id='word_1_245' title='bbox 584 2125 669 2148; x_wconf 86' lang='lat' dir='ltr'><em>nam</em></span> <span class='ocrx_word' id='word_1_246' title='bbox 695 2113 855 2157; x_wconf 83' lang='lat' dir='ltr'><em>Pyrrhus</em></span> <span class='ocrx_word' id='word_1_247' title='bbox 883 2139 889 2146; x_wconf 96' lang='lat'>.</span> <span class='ocrx_word' id='word_1_248' title='bbox 918 2139 924 2146; x_wconf 87' lang='lat'><strong>.</strong></span> <span class='ocrx_word' id='word_1_249' title='bbox 955 2140 961 2146; x_wconf 87' lang='lat'>.</span> <span class='ocrx_word' id='word_1_250' title='bbox 989 2108 1210 2153; x_wconf 81' lang='lat' dir='ltr'><em>sacrificare]</em></span> <span class='ocrx_word' id='word_1_251' title='bbox 1238 2118 1349 2142; x_wconf 77' lang='lat' dir='ltr'><em>exscr.</em></span> <span class='ocrx_word' id='word_1_252' title='bbox 1377 2106 1560 2151; x_wconf 82' lang='lat' dir='ltr'><em>mythogr.</em></span> <span class='ocrx_word' id='word_1_253' title='bbox 1588 2106 1603 2139; x_wconf 96' lang='grc' dir='ltr'>Ι</span> <span class='ocrx_word' id='word_1_254' title='bbox 1631 2109 1697 2139; x_wconf 84' lang='grc'><em>140</em></span> 
     </span>
    </p>
   </div>
   <div class='ocr_carea' id='block_1_10' title="bbox 509 2195 700 2199">
    <p class='ocr_par' dir='ltr' id='par_1_11' title="bbox 509 2195 700 2199">
     <span class='ocr_line' id='line_1_30' title="bbox 509 2195 700 2199; baseline 0 0"><span class='ocrx_word' id='word_1_255' title='bbox 509 2195 700 2199; x_wconf 95' lang='lat' dir='ltr'><em> </em></span> 
     </span>
    </p>
   </div>
   <div class='ocr_carea' id='block_1_11' title="bbox 420 2221 2116 3160">
    <p class='ocr_par' dir='ltr' id='par_1_12' title="bbox 420 2221 2116 3160">
     <span class='ocr_line' id='line_1_31' title="bbox 517 2221 2114 2268; baseline -0.008 -1"><span class='ocrx_word' id='word_1_256' title='bbox 517 2238 533 2267; x_wconf 93' lang='grc'>1</span> <span class='ocrx_word' id='word_1_257' title='bbox 562 2231 763 2266; x_wconf 81' lang='lat' dir='ltr'><em>matricidii</em></span> <span class='ocrx_word' id='word_1_258' title='bbox 791 2230 866 2264; x_wconf 84' lang='lat' dir='ltr'><em>FC</em></span> <span class='ocrx_word' id='word_1_259' title='bbox 902 2229 937 2263; x_wconf 88' lang='lat' dir='ltr'><em>id</em></span> <span class='ocrx_word' id='word_1_260' title='bbox 965 2229 1021 2262; x_wconf 87' lang='lat' dir='ltr'><em>est</em></span> <span class='ocrx_word' id='word_1_261' title='bbox 1047 2225 1255 2261; x_wconf 83' lang='lat' dir='ltr'><em>matricidio</em></span> <span class='ocrx_word' id='word_1_262' title='bbox 1285 2225 1333 2258; x_wconf 80' lang='lat' dir='ltr'><em>M</em></span> <span class='ocrx_word' id='word_1_263' title='bbox 1339 2236 1354 2258; x_wconf 91' lang='lat' dir='ltr'><em>e</em></span> <span class='ocrx_word' id='word_1_264' title='bbox 1385 2225 1397 2268; x_wconf 95' lang='grc'><em>11</em></span> <span class='ocrx_word' id='word_1_265' title='bbox 1429 2224 1476 2258; x_wconf 81' lang='lat' dir='ltr'><em>acl</em></span> <span class='ocrx_word' id='word_1_266' title='bbox 1503 2222 1682 2257; x_wconf 84' lang='lat' dir='ltr'><em>scelerum</em></span> <span class='ocrx_word' id='word_1_267' title='bbox 1709 2221 1811 2256; x_wconf 86' lang='lat' dir='ltr'><em>furiis</em></span> <span class='ocrx_word' id='word_1_268' title='bbox 1838 2222 1878 2256; x_wconf 76' lang='lat' dir='ltr'><em>in</em></span> <span class='ocrx_word' id='word_1_269' title='bbox 1903 2231 2014 2265; x_wconf 69' lang='lat' dir='ltr'><em>mar-9.</em></span> <span class='ocrx_word' id='word_1_270' title='bbox 2046 2221 2114 2263; x_wconf 73' lang='lat' dir='ltr'><em>inf.</em></span> 
     </span>
     <span class='ocr_line' id='line_1_32' title="bbox 420 2268 2112 2321; baseline -0.008 -6"><span class='ocrx_word' id='word_1_271' title='bbox 420 2282 586 2315; x_wconf 76' lang='lat' dir='ltr'><em>horestes</em></span> <span class='ocrx_word' id='word_1_272' title='bbox 620 2278 689 2313; x_wconf 85' lang='lat' dir='ltr'><em>fuit</em></span> <span class='ocrx_word' id='word_1_273' title='bbox 720 2274 1126 2321; x_wconf 80' lang='lat' dir='ltr'><em>filius-agamemnonis</em></span> <span class='ocrx_word' id='word_1_274' title='bbox 1159 2274 1195 2307; x_wconf 80' lang='lat' dir='ltr'><em>et</em></span> <span class='ocrx_word' id='word_1_275' title='bbox 1227 2272 1451 2306; x_wconf 79' lang='lat' dir='ltr'><em>clitemestre</em></span> <span class='ocrx_word' id='word_1_276' title='bbox 1487 2269 1548 2313; x_wconf 84' lang='lat' dir='ltr'><em>qui</em></span> <span class='ocrx_word' id='word_1_277' title='bbox 1575 2269 1770 2304; x_wconf 84' lang='lat' dir='ltr'><em>interfecto</em></span> <span class='ocrx_word' id='word_1_278' title='bbox 1796 2270 1901 2313; x_wconf 83' lang='lat' dir='ltr'><em>patre</em></span> <span class='ocrx_word' id='word_1_279' title='bbox 1929 2268 1975 2302; x_wconf 86' lang='lat' dir='ltr'><em>ab</em></span> <span class='ocrx_word' id='word_1_280' title='bbox 2000 2279 2112 2302; x_wconf 79' lang='lat' dir='ltr'><em>uxore</em></span> 
     </span>
     <span class='ocr_line' id='line_1_33' title="bbox 422 2314 2114 2365; baseline -0.008 -3"><span class='ocrx_word' id='word_1_281' title='bbox 422 2328 648 2362; x_wconf 80' lang='lat' dir='ltr'><em>clitemcstra</em></span> <span class='ocrx_word' id='word_1_282' title='bbox 683 2327 720 2360; x_wconf 89' lang='lat' dir='ltr'><em>et</em></span> <span class='ocrx_word' id='word_1_283' title='bbox 755 2326 800 2359; x_wconf 82' lang='lat' dir='ltr'><em>ab</em></span> <span class='ocrx_word' id='word_1_284' title='bbox 836 2324 1002 2358; x_wconf 79' lang='lat' dir='ltr'><em>adultero</em></span> <span class='ocrx_word' id='word_1_285' title='bbox 1036 2321 1178 2365; x_wconf 81' lang='lat' dir='ltr'><em>aegisto</em></span> <span class='ocrx_word' id='word_1_286' title='bbox 1213 2319 1421 2353; x_wconf 82' lang='lat' dir='ltr'><em>subtractus</em></span> <span class='ocrx_word' id='word_1_287' title='bbox 1448 2319 1504 2351; x_wconf 87' lang='lat' dir='ltr'><em>est</em></span> <span class='ocrx_word' id='word_1_288' title='bbox 1536 2316 1699 2361; x_wconf 81' lang='lat' dir='ltr'><em>periculo</em></span> <span class='ocrx_word' id='word_1_289' title='bbox 1727 2328 1748 2350; x_wconf 85' lang='lat' dir='ltr'><em>a</em></span> <span class='ocrx_word' id='word_1_290' title='bbox 1775 2327 1896 2350; x_wconf 81' lang='lat' dir='ltr'><em>sorore</em></span> <span class='ocrx_word' id='word_1_291' title='bbox 1923 2314 2114 2360; x_wconf 81' lang='lat' dir='ltr'><em>iphigenia</em></span> 
     </span>
     <span class='ocr_line' id='line_1_34' title="bbox 422 2361 2114 2419; baseline -0.009 -9"><span class='ocrx_word' id='word_1_292' title='bbox 422 2386 513 2419; x_wconf 84' lang='lat' dir='ltr'><em>quae</em></span> <span class='ocrx_word' id='word_1_293' title='bbox 541 2375 620 2408; x_wconf 84' lang='lat' dir='ltr'><em>erat</em></span> <span class='ocrx_word' id='word_1_294' title='bbox 646 2372 814 2407; x_wconf 84' lang='lat' dir='ltr'><em>sacerdos</em></span> <span class='ocrx_word' id='word_1_295' title='bbox 841 2371 971 2405; x_wconf 82' lang='lat' dir='ltr'><em>dianae</em></span> <span class='ocrx_word' id='word_1_296' title='bbox 999 2371 1035 2404; x_wconf 88' lang='lat' dir='ltr'><em>et</em></span> <span class='ocrx_word' id='word_1_297' title='bbox 1061 2369 1151 2412; x_wconf 88' lang='lat' dir='ltr'><em>aput</em></span> <span class='ocrx_word' id='word_1_298' title='bbox 1176 2366 1383 2410; x_wconf 87' lang='lat' dir='ltr'><em>strophium</em></span> <span class='ocrx_word' id='word_1_299' title='bbox 1408 2366 1550 2409; x_wconf 84' lang='lat' dir='ltr'><em>patrem</em></span> <span class='ocrx_word' id='word_1_300' title='bbox 1576 2363 1711 2408; x_wconf 86' lang='lat' dir='ltr'><em>piladis</em></span> <span class='ocrx_word' id='word_1_301' title='bbox 1739 2363 1914 2397; x_wconf 74' lang='lat' dir='ltr'><em>educatus</em></span> <span class='ocrx_word' id='word_1_302' title='bbox 1941 2363 2013 2396; x_wconf 84' lang='lat' dir='ltr'><em>est·</em></span> <span class='ocrx_word' id='word_1_303' title='bbox 2051 2361 2114 2405; x_wconf 86' lang='lat' dir='ltr'><em>qui</em></span> 
     </span>
     <span class='ocr_line' id='line_1_35' title="bbox 421 2409 2113 2465; baseline -0.008 -9"><span class='ocrx_word' id='word_1_304' title='bbox 421 2423 459 2456; x_wconf 90' lang='lat' dir='ltr'><em>in</em></span> <span class='ocrx_word' id='word_1_305' title='bbox 493 2423 569 2465; x_wconf 63' lang='lat' dir='ltr'><em>(leq.</em></span> <span class='ocrx_word' id='word_1_306' title='bbox 597 2421 707 2463; x_wconf 83' lang='lat' dir='ltr'><em>inter)</em></span> <span class='ocrx_word' id='word_1_307' title='bbox 742 2430 824 2453; x_wconf 87' lang='lat' dir='ltr'><em>eum</em></span> <span class='ocrx_word' id='word_1_308' title='bbox 851 2418 964 2452; x_wconf 81' lang='lat' dir='ltr'><em>talem</em></span> <span class='ocrx_word' id='word_1_309' title='bbox 991 2415 1194 2462; x_wconf 77' lang='lat' dir='ltr'><em>amicitiam</em></span> <span class='ocrx_word' id='word_1_310' title='bbox 1220 2413 1310 2447; x_wconf 81' lang='lat' dir='ltr'><em>fecit</em></span> <span class='ocrx_word' id='word_1_311' title='bbox 1335 2414 1372 2447; x_wconf 85' lang='lat' dir='ltr'><em>et</em></span> <span class='ocrx_word' id='word_1_312' title='bbox 1397 2424 1501 2446; x_wconf 81' lang='lat' dir='ltr'><em>suum</em></span> <span class='ocrx_word' id='word_1_313' title='bbox 1530 2411 1644 2444; x_wconf 86' lang='lat' dir='ltr'><em>filium</em></span> <span class='ocrx_word' id='word_1_314' title='bbox 1674 2412 1713 2444; x_wconf 87' lang='lat' dir='ltr'><em>ut</em></span> <span class='ocrx_word' id='word_1_315' title='bbox 1738 2410 1869 2444; x_wconf 82' lang='lat' dir='ltr'><em>fratres</em></span> <span class='ocrx_word' id='word_1_316' title='bbox 1896 2409 2113 2443; x_wconf 83' lang='lat' dir='ltr'><em>dicerentur.</em></span> 
     </span>
     <span class='ocr_line' id='line_1_36' title="bbox 421 2458 2114 2513; baseline -0.008 -10"><span class='ocrx_word' id='word_1_317' title='bbox 421 2471 552 2513; x_wconf 84' lang='lat' dir='ltr'><em>postea</em></span> <span class='ocrx_word' id='word_1_318' title='bbox 587 2480 669 2502; x_wconf 85' lang='lat' dir='ltr'><em>cum</em></span> <span class='ocrx_word' id='word_1_319' title='bbox 705 2465 930 2501; x_wconf 83' lang='lat' dir='ltr'><em>adoleuisset</em></span> <span class='ocrx_word' id='word_1_320' title='bbox 965 2475 1048 2498; x_wconf 86' lang='lat' dir='ltr'><em>cum</em></span> <span class='ocrx_word' id='word_1_321' title='bbox 1081 2462 1200 2496; x_wconf 79' lang='lat' dir='ltr'><em>amico</em></span> <span class='ocrx_word' id='word_1_322' title='bbox 1226 2460 1351 2504; x_wconf 82' lang='lat' dir='ltr'><em>pilade</em></span> <span class='ocrx_word' id='word_1_323' title='bbox 1378 2461 1455 2493; x_wconf 74' lang='lat' dir='ltr'><em>tam</em></span> <span class='ocrx_word' id='word_1_324' title='bbox 1483 2458 1667 2503; x_wconf 83' lang='lat' dir='ltr'><em>aegistum</em></span> <span class='ocrx_word' id='word_1_325' title='bbox 1695 2469 1805 2501; x_wconf 84' lang='lat' dir='ltr'><em>quam</em></span> <span class='ocrx_word' id='word_1_326' title='bbox 1831 2458 1987 2491; x_wconf 76' lang='lat' dir='ltr'><em>matrem</em></span> <span class='ocrx_word' id='word_1_327' title='bbox 2013 2466 2114 2500; x_wconf 84' lang='lat' dir='ltr'><em>pere-</em></span> 
     </span>
     <span class='ocr_line' id='line_1_37' title="bbox 422 2503 2114 2558; baseline -0.008 -8"><span class='ocrx_word' id='word_1_328' title='bbox 422 2517 499 2550; x_wconf 84' lang='lat' dir='ltr'><em>mit.</em></span> <span class='ocrx_word' id='word_1_329' title='bbox 540 2515 586 2549; x_wconf 86' lang='lat' dir='ltr'><em>ob</em></span> <span class='ocrx_word' id='word_1_330' title='bbox 622 2525 731 2558; x_wconf 83' lang='lat' dir='ltr'><em>quam</em></span> <span class='ocrx_word' id='word_1_331' title='bbox 769 2524 917 2547; x_wconf 80' lang='lat' dir='ltr'><em>causam</em></span> <span class='ocrx_word' id='word_1_332' title='bbox 953 2510 1057 2545; x_wconf 85' lang='lat' dir='ltr'><em>furiis</em></span> <span class='ocrx_word' id='word_1_333' title='bbox 1093 2509 1254 2553; x_wconf 79' lang='lat' dir='ltr'><em>agitatus</em></span> <span class='ocrx_word' id='word_1_334' title='bbox 1287 2509 1351 2541; x_wconf 86' lang='lat' dir='ltr'><em>est.</em></span> <span class='ocrx_word' id='word_1_335' title='bbox 1396 2517 1463 2540; x_wconf 86' lang='lat' dir='ltr'><em>nec</em></span> <span class='ocrx_word' id='word_1_336' title='bbox 1497 2507 1581 2539; x_wconf 82' lang='lat' dir='ltr'><em>ante</em></span> <span class='ocrx_word' id='word_1_337' title='bbox 1609 2516 1630 2538; x_wconf 78' lang='lat' dir='ltr'><em>a</em></span> <span class='ocrx_word' id='word_1_338' title='bbox 1654 2505 1775 2539; x_wconf 80' lang='lat' dir='ltr'><em>furore</em></span> <span class='ocrx_word' id='word_1_339' title='bbox 1800 2503 1978 2537; x_wconf 82' lang='lat' dir='ltr'><em>liberatus</em></span> <span class='ocrx_word' id='word_1_340' title='bbox 2005 2514 2114 2546; x_wconf 86' lang='lat' dir='ltr'><em>quam</em></span> 
     </span>
     <span class='ocr_line' id='line_1_38' title="bbox 422 2549 2116 2601; baseline -0.009 -4"><span class='ocrx_word' id='word_1_341' title='bbox 422 2563 585 2597; x_wconf 86' lang='lat' dir='ltr'><em>uenisset</em></span> <span class='ocrx_word' id='word_1_342' title='bbox 618 2561 664 2595; x_wconf 79' lang='lat' dir='ltr'><em>ad</em></span> <span class='ocrx_word' id='word_1_343' title='bbox 690 2560 868 2594; x_wconf 83' lang='lat' dir='ltr'><em>tauricam</em></span> <span class='ocrx_word' id='word_1_344' title='bbox 895 2558 1084 2601; x_wconf 82' lang='lat' dir='ltr'><em>regionem</em></span> <span class='ocrx_word' id='word_1_345' title='bbox 1110 2555 1171 2589; x_wconf 86' lang='lat' dir='ltr'><em>ubi</em></span> <span class='ocrx_word' id='word_1_346' title='bbox 1199 2565 1300 2588; x_wconf 82' lang='lat' dir='ltr'><em>soror</em></span> <span class='ocrx_word' id='word_1_347' title='bbox 1326 2553 1404 2588; x_wconf 86' lang='lat' dir='ltr'><em>eius</em></span> <span class='ocrx_word' id='word_1_348' title='bbox 1430 2551 1620 2597; x_wconf 84' lang='lat' dir='ltr'><em>iphigenia</em></span> <span class='ocrx_word' id='word_1_349' title='bbox 1645 2553 1736 2595; x_wconf 83' lang='lat' dir='ltr'><em>aput</em></span> <span class='ocrx_word' id='word_1_350' title='bbox 1761 2550 1910 2584; x_wconf 83' lang='lat' dir='ltr'><em>auliden</em></span> <span class='ocrx_word' id='word_1_351' title='bbox 1936 2549 2116 2584; x_wconf 84' lang='lat' dir='ltr'><em>sacrificia</em></span> 
     </span>
     <span class='ocr_line' id='line_1_39' title="bbox 421 2596 2114 2653; baseline -0.009 -9"><span class='ocrx_word' id='word_1_352' title='bbox 421 2610 553 2653; x_wconf 86' lang='lat' dir='ltr'><em>templi</em></span> <span class='ocrx_word' id='word_1_353' title='bbox 589 2608 720 2642; x_wconf 78' lang='lat' dir='ltr'><em>dianae</em></span> <span class='ocrx_word' id='word_1_354' title='bbox 752 2606 923 2650; x_wconf 82' lang='lat' dir='ltr'><em>praeerat</em></span> <span class='ocrx_word' id='word_1_355' title='bbox 958 2607 995 2639; x_wconf 88' lang='lat' dir='ltr'><em>et</em></span> <span class='ocrx_word' id='word_1_356' title='bbox 1029 2614 1129 2637; x_wconf 85' lang='lat' dir='ltr'><em>more</em></span> <span class='ocrx_word' id='word_1_357' title='bbox 1165 2601 1285 2645; x_wconf 81' lang='lat' dir='ltr'><em>gentis</em></span> <span class='ocrx_word' id='word_1_358' title='bbox 1319 2601 1408 2635; x_wconf 81' lang='lat' dir='ltr'><em>deae</em></span> <span class='ocrx_word' id='word_1_359' title='bbox 1440 2599 1602 2643; x_wconf 81' lang='lat' dir='ltr'><em>hospites</em></span> <span class='ocrx_word' id='word_1_360' title='bbox 1626 2598 1854 2632; x_wconf 82' lang='lat' dir='ltr'><em>immolabat.</em></span> <span class='ocrx_word' id='word_1_361' title='bbox 1895 2598 1932 2631; x_wconf 86' lang='lat' dir='ltr'><em>et</em></span> <span class='ocrx_word' id='word_1_362' title='bbox 1956 2596 2008 2631; x_wconf 81' lang='lat' dir='ltr'><em>ibi</em></span> <span class='ocrx_word' id='word_1_363' title='bbox 2033 2596 2114 2630; x_wconf 82' lang='lat' dir='ltr'><em>sub-</em></span> 
     </span>
     <span class='ocr_line' id='line_1_40' title="bbox 421 2643 2114 2695; baseline -0.008 -4"><span class='ocrx_word' id='word_1_364' title='bbox 421 2658 562 2691; x_wconf 80' lang='lat' dir='ltr'><em>tractus</em></span> <span class='ocrx_word' id='word_1_365' title='bbox 594 2654 703 2689; x_wconf 84' lang='lat' dir='ltr'><em>morti</em></span> <span class='ocrx_word' id='word_1_366' title='bbox 737 2666 818 2688; x_wconf 85' lang='lat' dir='ltr'><em>cum</em></span> <span class='ocrx_word' id='word_1_367' title='bbox 852 2654 947 2686; x_wconf 77' lang='lat' dir='ltr'><em>essct</em></span> <span class='ocrx_word' id='word_1_368' title='bbox 978 2651 1125 2695; x_wconf 78' lang='lat' dir='ltr'><em>agnitus</em></span> <span class='ocrx_word' id='word_1_369' title='bbox 1162 2660 1283 2683; x_wconf 83' lang='lat' dir='ltr'><em>sorore</em></span> <span class='ocrx_word' id='word_1_370' title='bbox 1311 2649 1386 2691; x_wconf 61' lang='lat' dir='ltr'><em>(les).</em></span> <span class='ocrx_word' id='word_1_371' title='bbox 1417 2658 1438 2681; x_wconf 79' lang='lat' dir='ltr'><em>a</em></span> <span class='ocrx_word' id='word_1_372' title='bbox 1464 2648 1602 2689; x_wconf 80' lang='lat' dir='ltr'><em>sorore)</em></span> <span class='ocrx_word' id='word_1_373' title='bbox 1630 2645 1776 2679; x_wconf 83' lang='lat' dir='ltr'><em>sublato</em></span> <span class='ocrx_word' id='word_1_374' title='bbox 1803 2644 1999 2679; x_wconf 80' lang='lat' dir='ltr'><em>simulacro</em></span> <span class='ocrx_word' id='word_1_375' title='bbox 2026 2643 2114 2677; x_wconf 83' lang='lat' dir='ltr'><em>deae</em></span> 
     </span>
     <span class='ocr_line' id='line_1_41' title="bbox 422 2691 2113 2745; baseline -0.009 -7"><span class='ocrx_word' id='word_1_376' title='bbox 422 2704 581 2738; x_wconf 80' lang='lat' dir='ltr'><em>sanitate</em></span> <span class='ocrx_word' id='word_1_377' title='bbox 608 2702 770 2745; x_wconf 75' lang='lat' dir='ltr'><em>gaudens</em></span> <span class='ocrx_word' id='word_1_378' title='bbox 797 2700 833 2733; x_wconf 82' lang='lat' dir='ltr'><em>in</em></span> <span class='ocrx_word' id='word_1_379' title='bbox 859 2699 1017 2743; x_wconf 81' lang='lat' dir='ltr'><em>patriam</em></span> <span class='ocrx_word' id='word_1_380' title='bbox 1045 2702 1101 2731; x_wconf 85' lang='lat' dir='ltr'><em>est</em></span> <span class='ocrx_word' id='word_1_381' title='bbox 1126 2707 1304 2730; x_wconf 79' lang='lat' dir='ltr'><em>reuersus.</em></span> <span class='ocrx_word' id='word_1_382' title='bbox 1335 2695 1367 2727; x_wconf 74' lang='lat' dir='ltr'><em>T</em></span> <span class='ocrx_word' id='word_1_383' title='bbox 1389 2696 1400 2738; x_wconf 95' lang='grc'><em>11</em></span> <span class='ocrx_word' id='word_1_384' title='bbox 1433 2692 1736 2737; x_wconf 80' lang='lat' dir='ltr'><em>agamemnonhis</em></span> <span class='ocrx_word' id='word_1_385' title='bbox 1764 2692 1802 2725; x_wconf 94' lang='lat' dir='ltr'><em>F</em></span> <span class='ocrx_word' id='word_1_386' title='bbox 1823 2692 1835 2735; x_wconf 96' lang='grc'><em>11</em></span> <span class='ocrx_word' id='word_1_387' title='bbox 1866 2696 1886 2725; x_wconf 78' lang='grc'>2</span> <span class='ocrx_word' id='word_1_388' title='bbox 1914 2691 2113 2735; x_wconf 77' lang='lat' dir='ltr'><em>clymastra</em></span> 
     </span>
     <span class='ocr_line' id='line_1_42' title="bbox 424 2737 2116 2794; baseline -0.009 -9"><span class='ocrx_word' id='word_1_389' title='bbox 424 2751 462 2785; x_wconf 89' lang='lat' dir='ltr'><em>F</em></span> <span class='ocrx_word' id='word_1_390' title='bbox 479 2753 490 2794; x_wconf 96' lang='grc'><em>11</em></span> <span class='ocrx_word' id='word_1_391' title='bbox 510 2756 529 2783; x_wconf 79' lang='lat'><strong>3</strong></span> <span class='ocrx_word' id='word_1_392' title='bbox 551 2750 671 2793; x_wconf 75' lang='lat' dir='ltr'><em>egisto</em></span> <span class='ocrx_word' id='word_1_393' title='bbox 693 2748 732 2782; x_wconf 98' lang='lat' dir='ltr'><em>F</em></span> <span class='ocrx_word' id='word_1_394' title='bbox 748 2750 760 2791; x_wconf 94' lang='grc'><em>11</em></span> <span class='ocrx_word' id='word_1_395' title='bbox 780 2748 966 2781; x_wconf 76' lang='lat' dir='ltr'><em>stroficuin</em></span> <span class='ocrx_word' id='word_1_396' title='bbox 988 2745 1027 2778; x_wconf 91' lang='lat' dir='ltr'><em>F</em></span> <span class='ocrx_word' id='word_1_397' title='bbox 1042 2746 1054 2788; x_wconf 95' lang='grc'><em>11</em></span> <span class='ocrx_word' id='word_1_398' title='bbox 1074 2749 1094 2777; x_wconf 72' lang='lat'>4</span> <span class='ocrx_word' id='word_1_399' title='bbox 1116 2742 1249 2787; x_wconf 82' lang='lat' dir='ltr'><em>piladis</em></span> <span class='ocrx_word' id='word_1_400' title='bbox 1272 2741 1310 2775; x_wconf 86' lang='lat' dir='ltr'><em>F</em></span> <span class='ocrx_word' id='word_1_401' title='bbox 1326 2743 1337 2785; x_wconf 93' lang='grc'><em>11</em></span> <span class='ocrx_word' id='word_1_402' title='bbox 1357 2745 1376 2775; x_wconf 76' lang='lat'>5</span> <span class='ocrx_word' id='word_1_403' title='bbox 1398 2742 1564 2785; x_wconf 77' lang='lat' dir='ltr'><em>egestum</em></span> <span class='ocrx_word' id='word_1_404' title='bbox 1581 2739 1619 2773; x_wconf 90' lang='lat' dir='ltr'><em>F</em></span> <span class='ocrx_word' id='word_1_405' title='bbox 1635 2742 1645 2782; x_wconf 96' lang='grc'><em>11</em></span> <span class='ocrx_word' id='word_1_406' title='bbox 1667 2739 1826 2783; x_wconf 77' lang='lat' dir='ltr'><em>egitatus</em></span> <span class='ocrx_word' id='word_1_407' title='bbox 1841 2738 1880 2771; x_wconf 91' lang='lat' dir='ltr'><em>F</em></span> <span class='ocrx_word' id='word_1_408' title='bbox 1896 2739 1907 2781; x_wconf 96' lang='grc'><em>11</em></span> <span class='ocrx_word' id='word_1_409' title='bbox 1929 2742 1946 2771; x_wconf 80' lang='grc'><strong>7</strong></span> <span class='ocrx_word' id='word_1_410' title='bbox 1962 2749 1984 2771; x_wconf 83' lang='lat' dir='ltr'><em>a</em></span> <span class='ocrx_word' id='word_1_411' title='bbox 1997 2737 2116 2771; x_wconf 81' lang='lat' dir='ltr'><em>Diana</em></span> 
     </span>
     <span class='ocr_line' id='line_1_43' title="bbox 427 2784 2114 2836; baseline -0.009 -4"><span class='ocrx_word' id='word_1_412' title='bbox 427 2792 681 2833; x_wconf 76' lang='lat' dir='ltr'><em>Gommelinus:</em></span> <span class='ocrx_word' id='word_1_413' title='bbox 707 2796 850 2829; x_wconf 83' lang='lat' dir='ltr'><em>achana</em></span> <span class='ocrx_word' id='word_1_414' title='bbox 876 2793 914 2827; x_wconf 90' lang='lat' dir='ltr'><em>F</em></span> <span class='ocrx_word' id='word_1_415' title='bbox 930 2795 941 2836; x_wconf 97' lang='grc'><em>11</em></span> <span class='ocrx_word' id='word_1_416' title='bbox 964 2796 1002 2826; x_wconf 93' lang='grc'>11</span> <span class='ocrx_word' id='word_1_417' title='bbox 1031 2790 1175 2824; x_wconf 76' lang='lat' dir='ltr'><em>reduxit</em></span> <span class='ocrx_word' id='word_1_418' title='bbox 1200 2789 1348 2823; x_wconf 71' lang='lat' dir='ltr'><em>Daniel:</em></span> <span class='ocrx_word' id='word_1_419' title='bbox 1374 2787 1508 2822; x_wconf 81' lang='lat' dir='ltr'><em>reuixit</em></span> <span class='ocrx_word' id='word_1_420' title='bbox 1534 2786 1574 2820; x_wconf 91' lang='lat' dir='ltr'><em>F</em></span> <span class='ocrx_word' id='word_1_421' title='bbox 1588 2788 1600 2831; x_wconf 96' lang='grc'><em>11</em></span> <span class='ocrx_word' id='word_1_422' title='bbox 1621 2790 1662 2820; x_wconf 80' lang='lat'><em>12</em></span> <span class='ocrx_word' id='word_1_423' title='bbox 1691 2785 1882 2830; x_wconf 80' lang='lat' dir='ltr'><em>appelauit</em></span> <span class='ocrx_word' id='word_1_424' title='bbox 1906 2784 1972 2828; x_wconf 76' lang='lat' dir='ltr'><em>Fu</em></span> <span class='ocrx_word' id='word_1_425' title='bbox 1994 2788 2035 2817; x_wconf 85' lang='lat'><em>14</em></span> <span class='ocrx_word' id='word_1_426' title='bbox 2057 2796 2114 2817; x_wconf 63' lang='lat' dir='ltr'><em>icx-</em></span> 
     </span>
     <span class='ocr_line' id='line_1_44' title="bbox 423 2831 2112 2887; baseline -0.008 -9"><span class='ocrx_word' id='word_1_427' title='bbox 423 2858 520 2878; x_wconf 66' lang='lat' dir='ltr'><em>(¹1³,I‘1&#39;1&#39;</em></span> <span class='ocrx_word' id='word_1_428' title='bbox 550 2843 669 2877; x_wconf 70' lang='lat' dir='ltr'><em>CLII</em></span> <span class='ocrx_word' id='word_1_429' title='bbox 691 2844 703 2887; x_wconf 92' lang='grc'><em>11</em></span> <span class='ocrx_word' id='word_1_430' title='bbox 727 2841 913 2875; x_wconf 86' lang='lat' dir='ltr'><em>interfecit</em></span> <span class='ocrx_word' id='word_1_431' title='bbox 939 2839 1022 2872; x_wconf 82' lang='lat' dir='ltr'><em>LH</em></span> <span class='ocrx_word' id='word_1_432' title='bbox 1039 2839 1049 2881; x_wconf 97' lang='grc'><em>11</em></span> <span class='ocrx_word' id='word_1_433' title='bbox 1078 2841 1117 2871; x_wconf 84' lang='lat'><em>15</em></span> <span class='ocrx_word' id='word_1_434' title='bbox 1145 2836 1383 2880; x_wconf 79' lang='lat' dir='ltr'><em>intellegunt]</em></span> <span class='ocrx_word' id='word_1_435' title='bbox 1410 2834 1475 2868; x_wconf 82' lang='lat' dir='ltr'><em>ubi</em></span> <span class='ocrx_word' id='word_1_436' title='bbox 1500 2834 1563 2867; x_wconf 86' lang='lat' dir='ltr'><em>ille</em></span> <span class='ocrx_word' id='word_1_437' title='bbox 1589 2833 1768 2868; x_wconf 78' lang='lat' dir='ltr'><em>adorabat</em></span> <span class='ocrx_word' id='word_1_438' title='bbox 1794 2831 2003 2875; x_wconf 85' lang='lat' dir='ltr'><em>Apollinem</em></span> <span class='ocrx_word' id='word_1_439' title='bbox 2030 2831 2112 2864; x_wconf 76' lang='lat' dir='ltr'><em>add.</em></span> 
     </span>
     <span class='ocr_line' id='line_1_45' title="bbox 423 2876 2113 2934; baseline -0.009 -9"><span class='ocrx_word' id='word_1_440' title='bbox 423 2892 559 2925; x_wconf 69' lang='lat' dir='ltr'><em>chmiiel</em></span> <span class='ocrx_word' id='word_1_441' title='bbox 589 2891 601 2934; x_wconf 94' lang='grc'><em>11</em></span> <span class='ocrx_word' id='word_1_442' title='bbox 632 2894 696 2924; x_wconf 80' lang='lat' dir='ltr'><em>aut</em></span> <span class='ocrx_word' id='word_1_443' title='bbox 729 2888 827 2932; x_wconf 86' lang='lat' dir='ltr'><em>quod</em></span> <span class='ocrx_word' id='word_1_444' title='bbox 860 2886 1013 2921; x_wconf 82' lang='lat' dir='ltr'><em>achilles</em></span> <span class='ocrx_word' id='word_1_445' title='bbox 1046 2885 1097 2918; x_wconf 87' lang='lat' dir='ltr'><em>ibi</em></span> <span class='ocrx_word' id='word_1_446' title='bbox 1125 2883 1263 2918; x_wconf 75' lang='lat' dir='ltr'><em>occisus</em></span> <span class='ocrx_word' id='word_1_447' title='bbox 1291 2883 1338 2916; x_wconf 88' lang='lat' dir='ltr'><em>sit</em></span> <span class='ocrx_word' id='word_1_448' title='bbox 1366 2882 1395 2916; x_wconf 82' lang='lat' dir='ltr'><em>G</em></span> <span class='ocrx_word' id='word_1_449' title='bbox 1424 2883 1435 2925; x_wconf 95' lang='grc'><em>11</em></span> <span class='ocrx_word' id='word_1_450' title='bbox 1470 2886 1510 2915; x_wconf 81' lang='grc'><em>16</em></span> <span class='ocrx_word' id='word_1_451' title='bbox 1536 2892 1622 2914; x_wconf 83' lang='lat' dir='ltr'><em>nam</em></span> <span class='ocrx_word' id='word_1_452' title='bbox 1648 2880 1808 2924; x_wconf 79' lang='lat' dir='ltr'><em>Pyrrhus</em></span> <span class='ocrx_word' id='word_1_453' title='bbox 1836 2906 1841 2912; x_wconf 95' lang='lat'>.</span> <span class='ocrx_word' id='word_1_454' title='bbox 1871 2905 1877 2911; x_wconf 94' lang='lat'><strong>.</strong></span> <span class='ocrx_word' id='word_1_455' title='bbox 1905 2905 1912 2911; x_wconf 91' lang='lat'>.</span> <span class='ocrx_word' id='word_1_456' title='bbox 1940 2876 2113 2922; x_wconf 81' lang='lat' dir='ltr'><em>legimus]</em></span> 
     </span>
     <span class='ocr_line' id='line_1_46' title="bbox 425 2924 2114 2982; baseline -0.009 -10"><span class='ocrx_word' id='word_1_457' title='bbox 425 2941 488 2972; x_wconf 86' lang='lat' dir='ltr'><em>aut</em></span> <span class='ocrx_word' id='word_1_458' title='bbox 513 2938 610 2982; x_wconf 83' lang='lat' dir='ltr'><em>quod</em></span> <span class='ocrx_word' id='word_1_459' title='bbox 637 2938 722 2980; x_wconf 88' lang='lat' dir='ltr'><em>(quo</em></span> <span class='ocrx_word' id='word_1_460' title='bbox 749 2936 801 2979; x_wconf 83' lang='lat' dir='ltr'><em>F)</em></span> <span class='ocrx_word' id='word_1_461' title='bbox 828 2934 981 2968; x_wconf 83' lang='lat' dir='ltr'><em>historia</em></span> <span class='ocrx_word' id='word_1_462' title='bbox 1006 2931 1169 2975; x_wconf 86' lang='lat' dir='ltr'><em>loquitur</em></span> <span class='ocrx_word' id='word_1_463' title='bbox 1195 2929 1349 2973; x_wconf 81' lang='lat' dir='ltr'><em>pyrrhus</em></span> <span class='ocrx_word' id='word_1_464' title='bbox 1376 2928 1453 2963; x_wconf 81' lang='lat' dir='ltr'><em>FC</em></span> <span class='ocrx_word' id='word_1_465' title='bbox 1485 2929 1497 2972; x_wconf 95' lang='grc'><em>11</em></span> <span class='ocrx_word' id='word_1_466' title='bbox 1537 2931 1578 2961; x_wconf 79' lang='grc'>18</span> <span class='ocrx_word' id='word_1_467' title='bbox 1605 2926 1841 2961; x_wconf 82' lang='lat' dir='ltr'><em>insultatione</em></span> <span class='ocrx_word' id='word_1_468' title='bbox 1869 2924 1937 2959; x_wconf 82' lang='lat' dir='ltr'><em>CL</em></span> <span class='ocrx_word' id='word_1_469' title='bbox 1973 2925 1984 2968; x_wconf 97' lang='grc'><em>11</em></span> <span class='ocrx_word' id='word_1_470' title='bbox 2021 2928 2065 2957; x_wconf 78' lang='grc'><em>20</em></span> <span class='ocrx_word' id='word_1_471' title='bbox 2092 2934 2114 2958; x_wconf 84' lang='lat' dir='ltr'><em>a</em></span> 
     </span>
     <span class='ocr_line' id='line_1_47' title="bbox 424 2970 2113 3029; baseline -0.008 -12"><span class='ocrx_word' id='word_1_472' title='bbox 424 2985 538 3029; x_wconf 82' lang='lat' dir='ltr'><em>patris</em></span> <span class='ocrx_word' id='word_1_473' title='bbox 566 2984 640 3018; x_wconf 83' lang='lat' dir='ltr'><em>FC</em></span> <span class='ocrx_word' id='word_1_474' title='bbox 675 2995 696 3017; x_wconf 83' lang='lat' dir='ltr'><em>a</em></span> <span class='ocrx_word' id='word_1_475' title='bbox 721 2985 845 3027; x_wconf 84' lang='lat' dir='ltr'><em>patras</em></span> <span class='ocrx_word' id='word_1_476' title='bbox 873 2980 957 3014; x_wconf 81' lang='lat' dir='ltr'><em>LH</em></span> <span class='ocrx_word' id='word_1_477' title='bbox 991 2991 1012 3013; x_wconf 79' lang='lat' dir='ltr'><em>a</em></span> <span class='ocrx_word' id='word_1_478' title='bbox 1036 2979 1158 3023; x_wconf 76' lang='lat' dir='ltr'><em>patria</em></span> <span class='ocrx_word' id='word_1_479' title='bbox 1185 2977 1228 3010; x_wconf 79' lang='lat' dir='ltr'><em>M</em></span> <span class='ocrx_word' id='word_1_480' title='bbox 1259 2978 1420 3019; x_wconf 80' lang='lat' dir='ltr'><em>(apatras</em></span> <span class='ocrx_word' id='word_1_481' title='bbox 1445 2985 1621 3018; x_wconf 68' lang='lat' dir='ltr'><em>superser.</em></span> <span class='ocrx_word' id='word_1_482' title='bbox 1648 2975 1695 3014; x_wconf 80' lang='lat' dir='ltr'><em>m)</em></span> <span class='ocrx_word' id='word_1_483' title='bbox 1724 2983 1746 3006; x_wconf 87' lang='lat' dir='ltr'><em>a</em></span> <span class='ocrx_word' id='word_1_484' title='bbox 1770 2973 1894 3016; x_wconf 63' lang='lat' dir='ltr'><em>patras</em></span> <span class='ocrx_word' id='word_1_485' title='bbox 1921 2971 1959 3004; x_wconf 82' lang='grc' dir='ltr'><em>Ε</em></span> <span class='ocrx_word' id='word_1_486' title='bbox 1976 2973 1988 3014; x_wconf 91' lang='grc'><em>11</em></span> <span class='ocrx_word' id='word_1_487' title='bbox 2007 2970 2113 3004; x_wconf 84' lang='lat' dir='ltr'><em>achie</em></span> 
     </span>
     <span class='ocr_line' id='line_1_48' title="bbox 425 3016 2114 3071; baseline -0.009 -6"><span class='ocrx_word' id='word_1_488' title='bbox 425 3033 457 3065; x_wconf 56' lang='lat' dir='ltr'><em>J]</em></span> <span class='ocrx_word' id='word_1_489' title='bbox 484 3032 610 3066; x_wconf 80' lang='lat' dir='ltr'><em>achiae</em></span> <span class='ocrx_word' id='word_1_490' title='bbox 639 3031 676 3064; x_wconf 90' lang='lat' dir='ltr'><em>Il</em></span> <span class='ocrx_word' id='word_1_491' title='bbox 714 3029 857 3064; x_wconf 84' lang='lat' dir='ltr'><em>achiiae</em></span> <span class='ocrx_word' id='word_1_492' title='bbox 888 3028 933 3062; x_wconf 81' lang='lat' dir='ltr'><em>M</em></span> <span class='ocrx_word' id='word_1_493' title='bbox 971 3025 1137 3071; x_wconf 82' lang='lat' dir='ltr'><em>(achaiae</em></span> <span class='ocrx_word' id='word_1_494' title='bbox 1164 3025 1211 3065; x_wconf 80' lang='lat' dir='ltr'><em>m)</em></span> <span class='ocrx_word' id='word_1_495' title='bbox 1249 3023 1260 3066; x_wconf 97' lang='grc'><em>11</em></span> <span class='ocrx_word' id='word_1_496' title='bbox 1298 3028 1339 3056; x_wconf 76' lang='lat'><em>21</em></span> <span class='ocrx_word' id='word_1_497' title='bbox 1367 3022 1513 3056; x_wconf 82' lang='lat' dir='ltr'><em>Patrius</em></span> <span class='ocrx_word' id='word_1_498' title='bbox 1539 3022 1619 3055; x_wconf 72' lang='lat' dir='ltr'><em>hal).</em></span> <span class='ocrx_word' id='word_1_499' title='bbox 1649 3019 1678 3054; x_wconf 83' lang='lat' dir='ltr'><em>O</em></span> <span class='ocrx_word' id='word_1_500' title='bbox 1710 3020 1721 3063; x_wconf 96' lang='grc'><em>11</em></span> <span class='ocrx_word' id='word_1_501' title='bbox 1758 3023 1800 3052; x_wconf 76' lang='lat'><em>22</em></span> <span class='ocrx_word' id='word_1_502' title='bbox 1828 3017 2009 3062; x_wconf 85' lang='lat' dir='ltr'><em>delphicis</em></span> <span class='ocrx_word' id='word_1_503' title='bbox 2035 3017 2079 3050; x_wconf 82' lang='lat' dir='ltr'><em>H</em></span> <span class='ocrx_word' id='word_1_504' title='bbox 2102 3016 2114 3062; x_wconf 95' lang='grc'><em>11</em></span> 
     </span>
     <span class='ocr_line' id='line_1_49' title="bbox 426 3064 2113 3119; baseline -0.008 -7"><span class='ocrx_word' id='word_1_505' title='bbox 426 3082 468 3112; x_wconf 74' lang='grc'><em>25</em></span> <span class='ocrx_word' id='word_1_506' title='bbox 497 3091 580 3112; x_wconf 78' lang='lat' dir='ltr'><em>eum</em></span> <span class='ocrx_word' id='word_1_507' title='bbox 606 3079 752 3112; x_wconf 82' lang='lat' dir='ltr'><em>tantum</em></span> <span class='ocrx_word' id='word_1_508' title='bbox 780 3076 856 3110; x_wconf 83' lang='lat' dir='ltr'><em>FC</em></span> <span class='ocrx_word' id='word_1_509' title='bbox 871 3077 883 3119; x_wconf 95' lang='grc'><em>11</em></span> <span class='ocrx_word' id='word_1_510' title='bbox 902 3085 1116 3119; x_wconf 86' lang='lat' dir='ltr'><em>responsum</em></span> <span class='ocrx_word' id='word_1_511' title='bbox 1143 3070 1218 3104; x_wconf 79' lang='lat' dir='ltr'><em>FC</em></span> <span class='ocrx_word' id='word_1_512' title='bbox 1235 3071 1246 3113; x_wconf 98' lang='grc'><em>11</em></span> <span class='ocrx_word' id='word_1_513' title='bbox 1266 3070 1414 3112; x_wconf 81' lang='lat' dir='ltr'><em>quidam</em></span> <span class='ocrx_word' id='word_1_514' title='bbox 1441 3069 1569 3103; x_wconf 87' lang='lat' dir='ltr'><em>dicunt</em></span> <span class='ocrx_word' id='word_1_515' title='bbox 1594 3069 1640 3102; x_wconf 88' lang='lat' dir='ltr'><em>ab</em></span> <span class='ocrx_word' id='word_1_516' title='bbox 1667 3065 1878 3110; x_wconf 82' lang='lat' dir='ltr'><em>aesculapio</em></span> <span class='ocrx_word' id='word_1_517' title='bbox 1904 3075 1985 3099; x_wconf 86' lang='lat' dir='ltr'><em>aras</em></span> <span class='ocrx_word' id='word_1_518' title='bbox 2012 3064 2113 3108; x_wconf 84' lang='lat' dir='ltr'><em>apol-</em></span> 
     </span>
     <span class='ocr_line' id='line_1_50' title="bbox 426 3111 1931 3160; baseline -0.009 -1"><span class='ocrx_word' id='word_1_519' title='bbox 426 3125 508 3159; x_wconf 85' lang='lat' dir='ltr'><em>linis</em></span> <span class='ocrx_word' id='word_1_520' title='bbox 535 3126 692 3159; x_wconf 68' lang='lat' dir='ltr'><em>statutas</em></span> <span class='ocrx_word' id='word_1_521' title='bbox 719 3152 725 3158; x_wconf 92' lang='lat'>.</span> <span class='ocrx_word' id='word_1_522' title='bbox 755 3154 761 3160; x_wconf 85' lang='lat'>.</span> <span class='ocrx_word' id='word_1_523' title='bbox 790 3153 796 3159; x_wconf 88' lang='lat'><strong>.</strong></span> <span class='ocrx_word' id='word_1_524' title='bbox 824 3125 862 3156; x_wconf 84' lang='lat' dir='ltr'><em>et</em></span> <span class='ocrx_word' id='word_1_525' title='bbox 888 3133 968 3156; x_wconf 81' lang='lat' dir='ltr'><em>aras</em></span> <span class='ocrx_word' id='word_1_526' title='bbox 995 3117 1229 3154; x_wconf 81' lang='lat' dir='ltr'><em>constituisse</em></span> <span class='ocrx_word' id='word_1_527' title='bbox 1256 3117 1296 3150; x_wconf 75' lang='lat' dir='ltr'><em>in</em></span> <span class='ocrx_word' id='word_1_528' title='bbox 1320 3127 1432 3160; x_wconf 59' lang='lat' dir='ltr'><em>mara.</em></span> <span class='ocrx_word' id='word_1_529' title='bbox 1458 3127 1536 3159; x_wconf 74' lang='lat' dir='ltr'><em>sup.</em></span> <span class='ocrx_word' id='word_1_530' title='bbox 1569 3115 1600 3148; x_wconf 81' lang='lat' dir='ltr'><em>T</em></span> <span class='ocrx_word' id='word_1_531' title='bbox 1616 3116 1628 3158; x_wconf 94' lang='grc'><em>11</em></span> <span class='ocrx_word' id='word_1_532' title='bbox 1647 3113 1774 3147; x_wconf 76' lang='lat' dir='ltr'><em>dicunt</em></span> <span class='ocrx_word' id='word_1_533' title='bbox 1799 3123 1863 3147; x_wconf 86' lang='lat' dir='ltr'><em>om.</em></span> <span class='ocrx_word' id='word_1_534' title='bbox 1891 3111 1931 3146; x_wconf 88' lang='lat' dir='ltr'><em>F</em></span> 
     </span>
    </p>
   </div>
  </div>
 </body>
</html>
