2204 3437
399 528 418 558 5

377 882 417 911 10

370 1236 413 1265 15

447 131 533 173 302
1213 133 1373 169 SERVII

438 239 602 292 pendit'
646 240 752 282 laune
794 254 955 282 sensum
997 242 1154 296 volunt,
1198 243 1319 284 telum
1361 242 1568 295 reffltlsum
1610 257 1660 284 ne
1702 245 1937 287 summatim
1980 247 2141 299 quidem

445 311 605 353 haerere
639 313 792 364 potuit,
835 314 881 352 ut
915 313 1115 364 penderet.
1184 313 1260 354 alii
1302 326 1432 354 unam
1474 314 1716 366 eandemque
1759 328 1843 356 rem
1886 315 1946 357 bis
1991 318 2141 358 dietam

445 382 598 432 volunt,
637 386 675 423 et
711 381 961 435 superfluum
993 386 1146 434 putant
1176 382 1234 424 ‘et
1270 396 1426 425 summo
1459 384 1575 436 clipei
1605 385 1850 438 nequiquam
1879 387 2048 429 icinbone
2070 401 2140 440 pe—

437 452 614 506 pendit’,
652 467 742 494 eum
773 453 1053 505 praecessisset
1090 453 1233 496 ‘raueo
1270 455 1376 507 quod
1404 455 1597 506 protinus
1634 470 1725 497 aere
1760 456 1999 511 repulsum',
2036 458 2144 510 quod

445 524 556 564 idem·
583 527 640 564 est
671 523 728 564 eet
756 536 913 564 summo
944 523 1061 575 clipei
1090 524 1337 576 nequiquam
1374 524 1543 566 umbone
1573 523 1799 580 pependit',
1838 529 1875 567 et
1909 527 2015 568 nihil
2045 528 2140 569 atti—

444 595 581 635 nuisse
611 594 692 635 diei
723 596 875 646 putant
913 593 1091 635 ‘summo
1131 595 1248 647 clipei
1287 595 1532 648 nequiquam
1571 596 1742 637 umbone
1773 597 1999 652 pependit',
2041 601 2142 640 tam-

444 678 567 716 quam
609 672 721 704 non·
741 664 905 705 omnino
947 677 1098 705 neeesse
1140 667 1253 715 esset,
1299 667 1346 705 ut
1393 665 1440 705 de
1482 678 1638 706 summo
1689 666 1806 719 clipei
1846 668 2052 722 penderet,
2104 672 2141 709 et

436 735 617 786 potuisse
649 735 747 788 diei,
778 748 848 776 nee
879 735 927 776 de
957 735 1080 788 clipeo
1105 736 1306 787 pependit.
1346 736 1415 777 sed
1443 736 1757 788 duplicationem
1786 739 2042 780 narrationis
2064 753 2142 792 per

445 803 754 858 ἑπεξεργασίαν
786 808 987 857 excusant.

562 875 658 916 547.
709 887 909 917 REFERES
943 887 1064 917 ERGO
1097 887 1220 917 HAEC
1261 890 1498 917 sarcasmos
1539 879 1621 931 est,
1653 877 1770 919 iocus
1810 893 1903 920 cum
1938 880 2139 921 amaritu-

444 945 557 1000 dine,
590 949 638 987 ut
671 946 781 1000 <XII
815 946 929 1000 359>
963 961 1020 988 en
1053 960 1201 1002 agros
1235 951 1283 987 et
1316 962 1461 1001 quam
1494 947 1651 1001 bel-lo,
1683 947 1920 1003 Troiane,
1953 950 2140 1004 petisti

443 1015 741 1070 Hesperiam
780 1017 960 1059 metire
998 1018 1182 1059 iacens.
1246 1018 1446 1059 astismos
1490 1020 1633 1059 autem
1676 1020 2003 1061 est'urbanitas
2047 1021 2136 1061 sine

442 1087 679 1142 iracundia,
710 1091 758 1128 ut
791 1090 941 1142 atque
973 1089 1105 1129 idem
1138 1089 1323 1143 iungat
1355 1089 1534 1142 vulpes
1568 1091 1617 1131 et
1649 1090 1876 1144 mulgeat
1907 1091 2092 1135 hircos.

560 1158 657 1199 549.
707 1170 992 1200 DEGENEREM
1025 1174 1111 1200 non
1144 1159 1474 1213 respondentem
1505 1159 1698 1201 moribus
1731 1161 1878 1214 patris,

559 1228 657 1270 550.
708 1246 781 1270 Hoc
799 1246 936 1272 mems
966 1231 1147 1284 ostendit,
1172 1230 1296 1271 simul
1316 1231 1413 1271 dum
1435 1231 1580 1271 diecret
1604 1231 1753 1283 fecisse.
1845 1244 2047 1273 ALTARIA
2074 1245 2136 1274 AD

442 1310 543 1338 IPSA
566 1299 674 1339 unde
696 1300 900 1352 sperabat
921 1300 1140 1341 auxilium.
1190 1303 1264 1341 aut
1287 1302 1386 1353 quia
1404 1301 1584 1343 Achilles
1602 1303 1645 1343 in
1668 1303 1811 1355 templo
1830 1303 1981 1344 oeeisus
1999 1306 2072 1357 est,
2092 1307 2138 1344 ut

441 1383 488 1410 (w
507 1371 777 1412 simulitudine
795 1371 975 1412 uindicta
994 1374 1228 1412 sumeretur.
1324 1389 1560 1414 TREMENTEM
1574 1386 1654 1414 non
1674 1373 1895 1425 formidine
1916 1375 1985 1415 sed
2001 1377 2141 1415 aetate.

560 1440 656 1482 552.
707 1453 990 1491 DEXTRAQVE
1028 1452 1271 1483 couvscvn
1310 1453 1516 1483 ExTVLIT
1556 1442 1820 1485 ‘coruscum'
1867 1444 1904 1486 si
1943 1447 2141 1486 ornatum

415 1543 421 1552 ,
440 1510 620 1564 gemmis
653 1514 782 1565 caput
814 1512 929 1566 regis
963 1512 1195 1565 acceperis,
1234 1526 1382 1553 sensus
1415 1512 1516 1553 talis
1557 1516 1640 1554 est:
1681 1514 1851 1555 sublato
1885 1515 2021 1569 capite
2054 1516 2141 1569 gla-

369 1590 413 1620 20

439 1581 556 1622 dium
597 1582 640 1623 in
682 1582 879 1636 vaginam
920 1583 1129 1637 recondit,
1172 1597 1280 1637 quae
1318 1583 1444 1624 lateri
1485 1598 1652 1638 semper
1692 1585 1901 1627 cohaeret.
1966 1586 2001 1627 si
2041 1601 2140 1628 vero

439 1651 676 1693 ‘coruscum
709 1652 918 1708 gladium’
952 1654 1015 1695 vis
1048 1654 1314 1708 intellegere,
1347 1654 1473 1696 lateri
1506 1654 1666 1697 Priami
1697 1656 1873 1697 infixum
1907 1656 2066 1711 accipe,
2099 1659 2141 1697 et

438 1720 548 1764 κατὰ
580 1720 629 1765 τὸ
663 1722 974 1778 σιωπώμενον,
1006 1726 1157 1779 postea
1189 1726 1316 1779 caput
1349 1740 1440 1767 esse
1473 1726 1703 1768 sublatum.

557 1794 654 1835 554.
703 1806 826 1836 HAEC
860 1806 981 1837 FINIS
1013 1799 1059 1836 ut
1090 1795 1226 1846 e(Zies',
1266 1796 1304 1837 si
1342 1799 1496 1849 tempus
1534 1792 1697 1850 Ionqum
1728 1797 1949 1851 siqnifeeat,
1983 1798 2141 1851 qeneris

439 1865 634 1915 feminini
664 1869 730 1906 est.
783 1870 820 1907 et
856 1866 1001 1907 omnia
1031 1865 1186 1908 Latina
1224 1867 1399 1908 nomina
1436 1867 1644 1921 inanima,
1683 1867 1914 1922 simplicia,
1952 1882 1976 1908 a
2008 1868 2138 1909 verbo

505 1936 723 2001 ἡ1311111110
755 1958 869 2003 idem]
903 1959 984 1992 buc.
1013 1958 1063 1993 111
1090 1963 1131 1992 91
1167 1960 1179 2003 Η
1216 1963 1260 1992 24
1287 1959 1412 1994 omnia
1436 1959 1554 1994 latina
1579 1960 1730 1994 nomina
1756 1971 1785 1994 e.
1814 1972 1846 2004 q.
1876 1959 1920 2004 s.]
1960 1959 2005 1995 cf.
2031 1959 2138 1994 Prob.

438 2004 555 2038 instit.
583 2007 649 2039 art.
677 2017 711 2049 p.
742 2010 825 2048 124,
854 2010 896 2040 16
917 2006 958 2040 Κ.
993 2006 1027 2040 d.
1060 2017 1156 2040 nom.
1193 2017 1268 2040 exc.
1295 2018 1329 2050 p.
1358 2010 1444 2050 209,
1471 2011 1512 2041 31
1537 2007 1580 2043 K.
1627 2007 1775 2052 Sergius
1810 2006 1953 2051 explan.
1981 2007 2018 2040 in
2046 2007 2136 2041 Don.

437 2063 471 2095 p.
500 2056 579 2095 538,
606 2056 651 2085 34
671 2053 713 2085 Κ.
760 2052 901 2087 Gellius
928 2053 1014 2087 XIII
1041 2056 1098 2096 21,
1127 2057 1168 2086 12

437 2134 605 2177 protinus
631 2145 714 2168 aere
741 2135 970 2179 repulsum’?
998 2134 1164 2171 solvitur.
1209 2135 1448 2179 ‘nequiquam
1475 2135 1679 2180 pependit’,
1705 2135 1743 2169 id
1770 2136 1826 2170 est
1850 2146 1921 2170 non
1948 2135 2134 2180 pependit.

438 2181 495 2214 vel
522 2182 721 2215 seeundum
746 2182 934 2216 Donatum
964 2182 1172 2226 ‘penetrato
1192 2182 1334 2216 scilicet
1354 2182 1479 2226 aliqua
1499 2194 1541 2217 ex
1568 2184 1673 2227 parte
1701 2182 1794 2216 scuti
1819 2184 1995 2217 contextu
2019 2183 2135 2217 telum

437 2228 599 2271 pendens
625 2229 870 2263 inhaerebat’.
898 2230 982 2263 add.
1009 2230 1047 2263 D
1066 2231 1077 2273 ΙΙ
1103 2234 1122 2263 3
1150 2229 1285 2273 clippei
1314 2229 1344 2264 G
1366 2230 1377 2273 ΙΙ
1406 2234 1425 2262 5
1454 2231 1490 2263 et
1516 2230 1604 2264 nihil
1635 2259 1641 2264 .
1671 2258 1677 2264 .
1707 2259 1713 2264 .
1741 2230 1785 2263 de
1812 2229 1932 2274 clipeo
1958 2229 2137 2274 pependit

437 2275 537 2308 haud
561 2276 633 2309 seio
659 2288 708 2309 an
727 2280 812 2319 post
843 2278 1019 2310 excusant
1050 2277 1259 2311 collocanda
1285 2277 1359 2310 sint
1385 2280 1415 2310 et
1435 2287 1507 2320 pro
1533 2279 1569 2310 et
1593 2277 1687 2310 nihil
1719 2277 1946 2311 seribenclimi
1972 2277 2037 2311 alii
2062 2288 2135 2311 non

437 2322 528 2355 nihil
549 2323 560 2366 ΙΙ
581 2326 600 2355 6
627 2324 759 2366 putant
780 2323 842 2357 02:
868 2326 1023 2367 possunt
1043 2324 1087 2367 (J,
1114 2327 1154 2357 ut
1178 2324 1321 2358 ridetur
1339 2325 1350 2368 ΙΙ
1371 2327 1389 2357 7
1410 2334 1483 2358 non
1510 2324 1657 2358 omnino
1683 2334 1832 2358 neeesse
1860 2325 1955 2358 essct
1979 2325 2137 2358 enotavit

438 2370 649 2412 Scioppius:
680 2381 753 2404 non
779 2371 879 2404 omni
905 2382 977 2405 non
1003 2372 1040 2404 et
1066 2371 1161 2404 esset
1187 2372 1241 2404 est
1269 2371 1298 2404 (1
1320 2372 1331 2415 ΙΙ
1363 2375 1383 2404 9
1410 2381 1657 2411 εΠεξενΓΛοΙΛΝ
1688 2371 1718 2404 O
1754 2368 2032 2415 ἐριεξεργασίαν
2057 2382 2136 2405 eno-

437 2417 528 2450 tavit
554 2417 748 2461 Scioppius
773 2419 785 2461 ΙΙ
817 2419 967 2451 excusat
994 2418 1188 2462 Scioppius
1213 2418 1370 2452 enotavit
1398 2418 1410 2462 ΙΙ
1444 2421 1485 2451 10
1512 2418 1560 2452 ad
1585 2429 1615 2452 v.
1644 2421 1710 2452 547
1740 2418 1887 2452 Referes
1914 2429 2000 2462 ergo
2027 2418 2135 2463 haec]

440 2474 642 2498 sarcasmos
669 2466 734 2499 est.
764 2465 800 2497 P
816 2467 828 2509 ΙΙ
849 2464 1064 2499 sarcaismos
1088 2465 1158 2498 Me
1199 2476 1403 2499 sacrasmos
1422 2464 1461 2498 E
1478 2466 1489 2509 ΙΙ
1508 2465 1611 2498 locus
1633 2465 1681 2498 M
1698 2466 1710 2508 ΙΙ
1731 2469 1771 2498 12
1800 2465 1994 2499 asteismos
2019 2465 2135 2509 rutae.

438 2511 482 2552 ef.
511 2511 650 2545 Charis.
674 2523 711 2554 2).
739 2515 818 2554 276,
846 2516 888 2545 29
916 2515 947 2545 et
972 2512 1093 2545 Diem.
1118 2523 1153 2555 p.
1182 2516 1267 2555 462,
1294 2516 1337 2546 36
1366 2511 1412 2545 K.
1440 2513 1451 2555 Η
1482 2514 1606 2546 autem
1633 2522 1697 2546 om.
1727 2512 1775 2545 Μ
1801 2513 1812 2555 ΙΙ
1845 2515 1886 2546 13
1914 2513 1955 2545 ut
1979 2522 2044 2546 om.
2073 2511 2103 2545 0
2126 2515 2135 2554 1Ἰ

438 2558 486 2591 acl
511 2569 541 2591 r.
565 2561 632 2591 548
660 2558 734 2602 llli]
762 2569 974 2602 pronomen.
1016 2559 1126 2592 modo
1153 2558 1384 2601 adverbium,
1411 2562 1452 2592 ut
1478 2561 1574 2602 (661)
1603 2558 1724 2602 ‘patet
1748 2558 1809 2592 isti
1835 2559 1947 2592 ianua
1971 2558 2076 2593 leto’.
2097 2558 2135 2592 D

437 2605 481 2646 ef.
504 2604 599 2638 Don.
623 2605 671 2638 ud
696 2605 772 2639 Ter.
796 2606 934 2648 adelph.
961 2606 975 2638 1
1003 2609 1034 2647 2,
1062 2606 1136 2649 3611
1158 2610 1200 2638 14
1227 2607 1350 2649 patres
1379 2605 1409 2638 O
1432 2608 1461 2649 (s
1487 2607 1528 2639 in
1552 2616 1624 2639 ras.
1654 2605 1742 2649 (7²)11
1765 2609 1803 2639 17
1831 2606 1888 2650 ut]
1917 2607 1953 2639 et
1978 2606 2135 2639 enotavit

439 2652 632 2695 iS'eioppius
656 2653 668 2695 ΙΙ
697 2654 902 2686 sumeretur
927 2663 992 2687 om.
1020 2652 1214 2695 Scioppius
1244 2654 1255 2695 ss
1290 2656 1330 2686 18
1358 2653 1406 2686 acl
1431 2663 1462 2686 v.
1491 2656 1557 2686 552
1585 2652 1831 2696 Inplicuitque
1858 2652 2017 2697 comam]
2045 2662 2129 2695 quo-

437 2698 545 2732 modo
575 2699 764 2742 ‘eo1na1n’‚
791 2699 821 2732 si
847 2701 1010 2733 armatus
1037 2699 1145 2742 galea
1171 2701 1273 2733 erat?
1300 2698 1363 2733 sed
1389 2710 1461 2733 non
1491 2710 1617 2733 omnes
1643 2700 1760 2733 crines
1786 2699 1895 2743 galea
1914 2699 2019 2743 tegit.
2058 2698 2134 2732 sive

437 2746 523 2788 qnia
549 2757 621 2779 non
648 2746 811 2780 habebat
838 2746 999 2789 galeam3
1026 2757 1110 2779 nam
1138 2746 1206 2780 hoc
1233 2745 1326 2779 dixit
1346 2748 1441 2789 (509)
1472 2746 1590 2780 ‘arma
1615 2746 1677 2779 diu
1704 2746 1824 2780 senior
1850 2774 1856 2780 .
1880 2775 1886 2781 .
1910 2775 1916 2781 .
1944 2745 2130 2789 cingitur’.

438 2793 475 2825 J>
493 2794 505 2836 ΙΙ
524 2797 567 2826 22
590 2793 755 2836 accipere
778 2792 807 2827 (J
823 2794 835 2837 ss
855 2798 897 2826 23
926 2796 1010 2827 cata
1035 2795 1074 2827 to
1102 2793 1341 2837 siopomenon
1369 2793 1454 2827 libri
1473 2794 1484 2837 ΙΙ
1504 2794 1551 2827 ad
1571 2804 1602 2827 υ.
1623 2797 1690 2827 553
1718 2792 1844 2827 Lateri
1870 2793 2002 2836 capulo
2026 2794 2133 2826 tenus

438 2839 582 2874 abdidit
608 2840 750 2884 ensem]
779 2840 807 2873 si
837 2840 948 2874 ‘iacet
974 2840 1103 2884 ingens
1135 2840 1172 2873 in
1200 2840 1306 2873 litore
1337 2842 1487 2874 truncus
1519 2840 1759 2883 avulsumque
1792 2840 1931 2883 caput’.
1981 2840 2010 2872 si
2038 2839 2133 2873 latus

438 2886 618 2929 percussit
644 2887 797 2930 Priami,
824 2887 1010 2930 quomodo
1034 2888 1227 2920 truncum?
1262 2887 1331 2920 hoc
1358 2889 1486 2930 postea
1510 2887 1649 2921 factum
1677 2889 1749 2928 est;
1775 2897 1859 2920 nam
1887 2887 1955 2920 hoc
1980 2885 2131 2929 insigni-

438 2934 503 2966 bus
536 2933 623 2967 viris
656 2933 734 2968 fieri
767 2934 878 2976 solet,
916 2936 957 2968 ut
994 2933 1083 2968 alibi
1117 2934 1195 2977 (ΧΗ
1225 2936 1307 2976 511)
1349 2934 1550 2977 ‘curruque
1582 2933 1725 2967 abscisa
1755 2933 1909 2966 duorum
1942 2932 2133 2976 suspendit

438 2981 587 3023 capita’.
629 2983 693 3014 aut
720 2979 815 3014 κατὰ
841 2979 882 3015 τὸ
911 2978 1152 3024 σιωπώμενον
1178 2980 1282 3014 lateri
1311 2991 1393 3023 suo,
1419 2981 1457 3014 id
1484 2982 1540 3014 est
1564 2980 1712 3024 Pyrrhi,
1739 2979 1856 3021 dieat,
1882 2979 1980 3023 quod
2006 2979 2042 3012 in
2070 2989 2130 3013 va-

438 3026 562 3070 ginam
590 3027 796 3062 recondidit
821 3028 985 3072 gladium
1007 3028 1044 3061 D
1061 3028 1073 3072 ΙΙ
1093 3031 1136 3062 23
1159 3028 1207 3062 ad
1226 3039 1256 3061 r.
1280 3031 1346 3060 554
1373 3027 1457 3072 Hic]
1485 3027 1588 3071 talis,
1614 3028 1656 3060 ut
1683 3027 1794 3060 ‘hunc
1821 3037 1889 3070 ego
1915 3027 1951 3061 te
1973 3026 2131 3070 Euryale

438 3073 604 3116 aspicio'.
636 3075 670 3107 P
