2204 3437
29 3196 39 3212 Ι

572 209 721 245 COMM.
748 209 799 244 IN
824 209 966 244 VERG.
994 209 1103 244 AEN.
1129 208 1172 243 V.
1200 214 1261 243 4-
1273 215 1326 246 13.
1705 210 1788 252 589

101 333 225 360 omen
252 318 557 372 navigantibus
589 318 732 360 triste:
764 321 811 360 ut
845 317 1082 373 ‘pertriste'
1114 318 1236 359 valde
1268 318 1392 359 triste
1425 319 1490 359 sit.
1555 318 1628 359 sed
1661 319 1697 360 si
1730 319 1790 360 sie

98 389 452 442 intellexerimus,
484 389 613 430 tertio
638 389 752 430 dicto
779 389 980 444 congruit
1005 390 1186 442 tantum,
1211 403 1298 430 11011
1323 389 1450 430 etiam
1480 389 1790 443 superioribus:

98 473 176 500 neo
214 459 327 500 enim
359 459 535 501 Troiani
570 459 827 514 navigantes
869 461 955 502 iam
998 462 1200 514 poterant
1241 462 1315 500 aut
1358 459 1407 500 de
1446 475 1589 502 amore
1629 463 1701 502 aut
1741 460 1790 501 de

101 529 243 571 furore
275 528 456 571 Didonis
490 545 582 571 esse
615 530 798 571 solliciti.

217 602 254 642 7.
312 618 445 643 TRISTE
467 618 539 643 PER
564 618 776 643 AVGVRJVJJ
809 603 977 655 quidam
1015 600 1277 655 ‘auyurtmn’
1310 615 1388 654 11νο
1426 605 1651 643 comeam-a
1689 602 1790 643 aeet-

90 671 226 724 piant.
269 672 405 713 sedin
430 674 574 724 quarto
600 671 700 712 libro
728 672 870 725 <453>
901 673 1075 713 relatam
1106 675 1172 725 est,
1203 671 1358 724 duplici
1388 673 1503 713 modo
1535 673 1648 713 diras
1678 672 1791 724 fieri:

98 745 172 783 aut
209 742 255 783 in
294 742 440 795 signas,
480 745 554 783 aut
592 755 836 795 quocumque
875 744 1008 796 modo,
1048 745 1122 784 aut
1159 755 1407 795 quacumque
1439 746 1569 795 parte.
1637 744 1706 784 sed
1746 743 1792 783 de

98 813 228 866 siynis
258 813 394 853 diram
424 813 516 865 fieri
546 813 592 854 in
623 814 737 854 tertio
769 813 913 867 <246>
946 815 992 855 de
1022 813 1208 867 harpyiis
1239 817 1276 854 et
1305 814 1351 854 ‘in
1381 817 1524 866 quarto
1556 814 1602 855 de
1630 813 1793 854 Didone

96 883 372 936 siqnife'eatum
406 887 483 925 est:
514 897 623 925 necne
652 898 897 937 quocumque
927 885 1043 926 modo
1074 885 1210 925 diram
1241 884 1333 937 fiere?
1356 885 1414 925 sie
1439 886 1670 939 anneum
1702 899 1792 926 eum

95 955 199 1007 facit
228 955 410 996 Aeneam
441 969 489 996 ea)
520 955 670 1007 Africa
706 957 965 1009 nam'yantem
1001 956 1215 1008 flammam
1255 970 1274 996 e
1310 970 1404 1009 ‘rosso
1441 955 1621 997 Didonis
1658 957 1792 997 adten-

97 1026 198 1076 dere,
229 1026 335 1067 discit
364 1026 472 1067 enim
504 1025 626 1078 ‘qztae
651 1029 811 1068 tantam
835 1027 1059 1068 accenderit
1087 1027 1220 1080 ionem
1251 1040 1375 1068 eausa
1407 1026 1521 1068 latet'
1554 1040 1677 1080 usque
1709 1026 1791 1080 ‘pe-

97 1099 208 1137 ctora
250 1095 434 1138 dueunt'.
494 1110 585 1138 eum
628 1098 736 1138 enim
778 1098 849 1139 dat
889 1097 1034 1150 ubique
1076 1097 1238 1139 Aeneae
1280 1099 1549 1152 maeniorum
1583 1099 1791 1151 peritiam,

98 1168 270 1209 ostendit
297 1167 416 1208 scisse
445 1181 536 1208 eam
573 1168 694 1209 etiam
731 1168 825 1210 haee
861 1169 980 1222 siyna
1016 1170 1123 1210 inter
1160 1169 1274 1210 diras
1308 1169 1475 1221 referri:
1513 1170 1620 1222 qnod
1654 1183 1792 1210 verum

94 1238 223 1290 sitisse
253 1238 433 1279 declarat
461 1242 596 1280 secata
627 1242 846 1292 tempestas.
970 1257 1138 1282 TEVCROR
1147 1257 1201 1281 VM
1225 1257 1389 1282 PEeTozzA
1416 1257 1572 1282 mvnvs
1601 1241 1704 1281 slent
1733 1241 1792 1282 di-

97 1312 204 1350 etum
234 1312 292 1350 est
322 1308 411 1362 <IV
444 1309 548 1364 384,
580 1311 704 1364 661>‚
730 1314 897 1364 propter
933 1312 1042 1353 visas
1073 1312 1265 1364 flammas
1295 1312 1466 1364 1096163,
1504 1326 1605 1364 qaae
1636 1312 1791 1353 malam

96 1382 383 1435 navigantibus
415 1395 529 1423 omen
560 1383 764 1435 efficiunt:
801 1385 838 1424 et
871 1383 1044 1424 Troiani
1081 1384 1350 1437 austriorum
1380 1384 1508 1436 periti
1543 1386 1656 1438 sunt,
1693 1397 1792 1424 nam

96 1465 220 1505 neque
251 1453 308 1493 ad
336 1452 510 1494 Italiam
540 1454 716 1507 veniunt,
747 1457 784 1495 et
812 1467 907 1495 mooe
937 1467 1059 1495 naves
1089 1455 1272 1496 incendio
1303 1455 1508 1496 amittant.

215 1523 253 1564 8.
302 1535 447 1565 RATES
478 1539 556 1578 pro
589 1524 772 1565 navibus
806 1524 979 1565 abusive
1010 1525 1167 1578 posuit.

215 1593 253 1635 9.
296 1611 419 1636 inum
446 1611 559 1640 VNDIQ
568 1611 615 1635 VE
631 1612 682 1636 ET
706 1611 874 1642 VNDIQJJ‘E
893 1612 985 1636 CAEL
997 1612 1049 1636 1111
1064 1609 1144 1637 ecee
1162 1610 1250 1637 vere
1268 1611 1376 1638 nune
1395 1601 1452 1639 est
1470 1598 1647 1639 medium
1667 1610 1789 1638 mare.

220 1664 285 1706 10.
336 1676 444 1707 OLLI
476 1668 549 1706 aut
579 1667 697 1707 tunc:
732 1669 806 1707 aut
838 1666 915 1707 illi.
1024 1678 1170 1709 SVPRA
1204 1679 1351 1709 CAPVT
1369 1669 1633 1722 periculosus,
1659 1668 1789 1709 inevi-

98 1735 259 1790 tabilis,
291 1735 504 1778 mortifer:
536 1751 613 1778 1160
639 1737 752 1778 6111111
779 1737 1034 1791 simpliciter
1067 1738 1228 1780 dietum
1261 1742 1336 1793 est,
1369 1754 1463 1781 cum
1490 1741 1627 1781 omnis
1655 1740 1791 1781 imber

97 1821 225 1860 supra
256 1809 383 1861 caput
414 1808 481 1849 sit.

216 1878 282 1919 11.
331 1895 480 1920 NOCTEM
504 1866 696 1933 tenebras,
729 1897 888 1922 HIEMEM
925 1883 1212 1933 tempestatem:
1253 1881 1401 1923 Graeci
1438 1883 1545 1924 enim
1583 1882 1790 1936 χειμῶνα,

96 1952 133 1990 et
161 1963 245 1990 non
275 1949 405 1991 solum
436 1951 539 1991 anni
577 1953 747 2004 tempas,
785 1951 856 1992 sed
889 1954 926 1992 et
962 1954 1229 2004 tempestatem
1259 1952 1505 2006 sz'ync'fieant.
1625 1964 1787 1995 INHOR-

97 2031 208 2061 RVIT
241 2032 371 2061 VNDA
401 2033 625 2063 TENEBRIS
656 2021 728 2063 hoe
759 2025 816 2064 est
845 2024 887 2063 et
918 2022 1071 2077 noctis7
1104 2025 1147 2064 et
1177 2023 1366 2064 nubium.

138 2126 140 2128 ’
193 2129 210 2159 1
239 2124 270 2159 31
295 2135 360 2159 om.
382 2124 422 2159 F
437 2126 448 2169 ΙΙ
468 2129 487 2159 2
515 2125 626 2160 tertio
654 2154 661 2161 .
679 2153 708 2160 ..
735 2125 889 2161 Didonis
917 2137 995 2161 esse
1022 2138 1086 2162 om.
1110 2126 1140 2162 G
1155 2128 1166 2171 ΙΙ
1185 2127 1323 2162 dictum
1352 2127 1391 2161 F
1406 2129 1417 2172 ΙΙ
1437 2127 1567 2174 etiam]
1595 2128 1692 2162 enim
1715 2129 1764 2163 M
1780 2128 1790 2172 11

97 2174 116 2205 5
143 2173 192 2206 ad
217 2172 411 2217 augurium
438 2184 537 2216 supr.
565 2184 651 2207 vers.
678 2173 716 2207 in
742 2174 812 2208 1106
841 2174 920 2208 1000
946 2174 1096 2218 quidam
1122 2174 1345 2220 intellegunt
1371 2175 1621 2210 coniecturam
1648 2177 1791 2220 (quibus

99 2219 177 2253 alia
201 2231 331 2254 manus
356 2220 424 2254 hoc
451 2220 533 2255 1000
559 2220 746 2265 accipiunt
771 2222 929 2266 addidit)
954 2225 986 2256 et
1011 2223 1052 2256 in
1077 2233 1189 2267 mary.
1216 2222 1304 2257 licet
1330 2223 1427 2257 6111111
1453 2223 1510 2257 1111
1535 2223 1791 2267 ignorauerint

96 2277 190 2310 quae
217 2277 327 2301 causa
358 2269 503 2301 tantum
536 2268 745 2302 accenderit
771 2269 876 2312 (adde
900 2269 1038 2313 ignem)
1064 2270 1190 2304 tamen
1222 2269 1394 2314 pertriste
1427 2281 1493 2314 per
1526 2271 1720 2315 augurium
1751 2271 1789 2305 id

96 2315 153 2348 est
179 2324 288 2349 omen
312 2314 458 2348 futurae
483 2315 716 2359 tempestatis
743 2315 971 2350 ducebantur
995 2318 1146 2360 pectora
1170 2317 1398 2352 troianorum
1425 2317 1472 2352 ad
1497 2318 1550 2352 rei
1581 2318 1787 2353 veritatem.

97 2362 135 2394 et
159 2360 230 2395 1106
255 2363 313 2395 est
337 2362 541 2396 notandum
567 2362 665 2406 quod
691 2363 857 2407 superius
883 2363 1023 2398 dictum
1049 2366 1105 2398 est
1130 2364 1285 2409 auspicii
1310 2375 1426 2409 genus
1453 2366 1551 2408 quod
1580 2366 1790 2410 appellatur

97 2407 217 2442 dirum
249 2408 376 2453 colligi
413 2409 474 2443 uel
511 2421 554 2444 ex
592 2409 706 2454 signis
738 2410 799 2444 uel
830 2421 1060 2454 quocumque
1093 2412 1213 2446 modo.
1265 2423 1352 2456 ergo
1384 2412 1422 2446 111
1454 2413 1523 2446 hoc
1556 2412 1636 2447 1000
1669 2413 1788 2447 dirum

98 2466 328 2499 quocumque
354 2456 463 2491 modo
489 2456 677 2501 colligitur
703 2468 786 2492 oum
811 2457 903 2492 facit
926 2469 1065 2493 aenean
1096 2459 1334 2504 nauigantem
1361 2470 1404 2494 ex
1434 2460 1548 2494 africa
1573 2460 1620 2494 ad
1645 2460 1789 2494 italiam

96 2502 284 2537 flammam
316 2514 359 2537 ex
390 2514 480 2548 rogo
513 2503 658 2538 didonis
691 2504 889 2539 adtendere
919 2505 951 2539 Τ
985 2507 995 2550 ΙΙ
1033 2506 1183 2549 quidam
1211 2535 1218 2541 .
1246 2535 1253 2541 .
1281 2534 1288 2540 .
1316 2508 1442 2541 secuta
1473 2508 1674 2551 tempestas
1707 2509 1788 2543 hab.

96 2550 260 2585 Ambros.
287 2552 298 2594 ΙΙ
329 2550 508 2585 iniectura
533 2551 571 2585 F
594 2553 605 2596 Η
637 2556 656 2585 6
685 2554 741 2586 est
765 2562 829 2587 om.
857 2553 982 2588 Ambr.
1008 2555 1019 2596 ΙΙ
1046 2557 1064 2587 7
1092 2565 1322 2597 quocumque
1349 2556 1453 2598 parte
1480 2554 1526 2590 F.
1564 2555 1646 2597 fort.
1676 2557 1787 2598 atque

96 2608 199 2640 quac.
221 2608 240 2631 e
259 2609 295 2642 p.
322 2599 366 2640 ef.
388 2599 436 2633 ad
455 2598 506 2633 IV
519 2602 587 2632 453
607 2601 618 2643 ΙΙ
644 2603 673 2634 8*
685 2599 766 2634 dira
785 2600 909 2634 Ambr.
930 2601 941 2644 ΙΙ
967 2599 1119 2645 arpigiis
1140 2601 1179 2635 F
1195 2602 1206 2645 ΙΙ
1232 2605 1251 2635 9
1273 2601 1390 2635 diram
1411 2602 1564 2636 Daniel.-
1590 2602 1729 2636 dictum
1752 2602 1791 2636 F

96 2644 176 2678 dira
201 2644 324 2680 Ambr.
345 2647 357 2689 ΙΙ
388 2650 429 2680 10
456 2656 500 2680 ex
525 2646 649 2680 Africa
674 2657 738 2680 om.
766 2647 891 2682 Ambr.
918 2648 929 2691 ΙΙ
958 2651 998 2681 11
1026 2648 1226 2683 accendere
1252 2649 1376 2683 Ambr.
1397 2650 1408 2692 ΙΙ
1436 2653 1477 2683 13
1505 2649 1630 2694 301336]
1659 2649 1788 2684 fecisse

97 2692 221 2726 Ambr.
247 2693 260 2736 ΙΙ
291 2691 403 2726 etiam
429 2704 512 2727 eum
537 2694 661 2727 Ambr.
688 2695 699 2737 ΙΙ
731 2694 837 2738 signa
862 2694 1005 2729 Ambra
1037 2707 1163 2740 pugna
1188 2695 1227 2729 F
1261 2696 1433 2740 prodigia
1458 2698 1548 2731 coni.
1576 2697 1752 2740 llayenus
1786 2719 1787 2722 =

95 2737 230 2773 referre
255 2739 379 2774 Ambr.
407 2741 418 2784 ΙΙ
449 2744 490 2774 16
517 2751 625 2775 0111611
650 2741 804 2775 Daniel:
831 2752 956 2776 omnes
984 2741 1023 2776 F
1045 2745 1056 2786 ΙΙ
1086 2747 1127 2777 17
1154 2743 1376 2778 amittuntur
1403 2744 1607 2777 Masviems
1631 2745 1642 2787 ΙΙ
1671 2748 1712 2777 19
1739 2745 1787 2778 ad

95 2796 126 2819 v.
154 2789 174 2820 9
200 2787 264 2820 hoc
287 2787 460 2821 scholium
491 2800 660 2821 occvan
691 2801 822 2822 TELLvs
854 2788 1007 2824 iocunde
1040 2790 1214 2824 occurrit:
1252 2801 1270 2825 e
1303 2790 1486 2825 contrario
1514 2791 1579 2833 (111
1608 2794 1665 2834 72)
1701 2791 1786 2825 ‘ter-

96 2843 229 2876 raeque
255 2834 433 2878 urbesque
459 2835 654 2869 recedunt’
690 2836 802 2869 edidit
826 2836 963 2871 Daniel
1000 2838 1010 2882 {l
1048 2838 1096 2872 ad
1121 2837 1239 2872 maria
1263 2838 1425 2881 undique
1450 2849 1549 2882 supr.
1576 2850 1663 2873 vers.
1690 2850 1786 2872 nune

97 2879 260 2914 ostendit
284 2881 373 2924 quid
399 2881 447 2915 sit
471 2893 587 2926 prope
614 2883 690 2926 (leq.
710 2883 874 2926 proprie)
899 2884 1062 2918 medium
1085 2885 1117 2918 T
1134 2887 1145 2929 ΙΙ
1165 2885 1213 2919 ad
1238 2884 1355 2919 maria
1375 2885 1535 2929 undique
1562 2887 1599 2919 et
1623 2886 1785 2928 undique

95 2927 237 2961 caelum
263 2928 327 2962 hoe
351 2929 522 2963 scholiam
547 2929 697 2963 Homeri
724 2930 781 2963 est
804 2928 886 2973 (Od.
914 2930 981 2964 XII
1007 2934 1089 2975 403)
1123 2928 1212 2966 οὐδέ
1245 2945 1298 2971 τις
1331 2929 1421 2975 ἄλλη
1458 2933 1612 2974 φαίνετο
1643 2931 1785 2977 γαιάων

95 2970 176 3007 ἀλλ’
207 2971 367 3016 οὐρανός
392 2972 460 3020 ἠδὲ
486 2972 661 3010 θάλασσα
687 2977 825 3011 eaeleibet
849 2976 897 3011 D.
925 2979 968 3021 ef.
998 2979 1163 3013 Mam-ob.
1191 2980 1267 3013 Sat.
1296 2979 1325 3011 V
1348 2983 1378 3021 7,
1402 2984 1416 3012 1
1439 2980 1450 3022 ΙΙ
1471 2983 1513 3012 -20
1541 2992 1619 3013 om
1728 2979 1784 3014 illi

95 3031 161 3056 om.
188 3021 227 3055 F
248 3022 260 3065 ΙΙ
291 3035 401 3057 cAPvD
429 3022 469 3056 F
490 3025 502 3067 ΙΙ
533 3024 581 3058 ad
606 3034 717 3068 supra
743 3027 854 3069 caput
877 3035 975 3069 supr.
1002 3037 1089 3060 vers.
1117 3025 1344 3060 ineuitabilis
1379 3026 1546 3061 mortifer
1572 3029 1609 3061 et
1634 3028 1704 3061 hoc
1730 3029 1787 3062 est

95 3068 193 3111 quod
219 3069 309 3103 dicit
334 3070 475 3104 Seruius
500 3081 574 3105 non
601 3081 677 3105 esse
703 3071 921 3116 simpliciter
947 3072 1087 3107 dictum
1116 3073 1148 3107 T
1171 3074 1182 3117 ΙΙ
1214 3078 1256 3106 22
1284 3085 1392 3117 super
1418 3073 1457 3107 F
1478 3075 1489 3117 ΙΙ
1521 3075 1639 3119 capud
1667 3075 1755 3109 FII
1774 3074 1786 3122 Η

96 3118 152 3196 2}
172 3116 220 3150 ad
251 3119 397 3197 noitem
431 3128 530 3162 supr.
562 3128 648 3152 vers.
680 3118 868 3161 tenebras,
908 3120 956 3154 ad
986 3120 1145 3154 hiemem
1177 3131 1274 3163 supr.
1308 3132 1394 3154 vers.
1426 3122 1686 3165 tempestatem
1717 3122 1750 3156 '1'
1775 3123 1786 3167 l}

96 3173 114 3197 6
142 3173 268 3197 1mona

1431 3231 1475 3262 38

1820 964 1861 994 10

1820 1320 1861 1350 15

1818 1677 1861 1707 ‘20

1817 2032 1859 2062 25
