2204 3437
582 205 730 239 COMM.
758 205 810 239 IN
837 205 977 240 VERG.
1004 205 1113 240 AEN.
1141 206 1201 240 III.
1231 210 1425 241 249—265.
1758 209 1840 249 387

155 322 318 352 CAEDIS
351 311 515 363 quidam
552 311 791 354 ‘mimium’
817 328 896 366 pro
930 312 1191 355 ‘vindictam’
1223 315 1438 367 accipiunt.
1488 318 1525 355 et
1554 315 1729 368 lampaia
1761 316 1844 357 1313

154 382 377 422 mentitur:
409 397 508 423 nam
541 383 751 425 inminens
785 384 981 426 Troianis
1014 385 1162 426 fatalis
1196 388 1259 426 est
1291 385 1438 427 fames.

270 453 367 494 257.
417 465 626 495 AMBESAS
660 456 844 510 undique
878 470 990 509 esas,
1027 455 1108 496 1100
1148 458 1212 496 est
1248 457 1472 498 rotundas:
1515 457 1697 498 maiores
1732 458 1842 498 enim

152 523 281 564 nostri
310 522 388 564 has
420 537 580 566 mensas
610 525 828 566 habebant
859 526 903 566 in
934 525 1095 566 honore
1129 526 1322 580 deorum,
1354 528 1544 581 panicias
1579 528 1753 569 scilicet.

269 593 366 635 5258.
415 606 613 636 REFVGIT
646 610 732 636 non
769 598 904 636 metu:
946 610 1021 636 nec
1060 595 1171 636 enim
1212 597 1478 638 minantibus
1519 598 1732 639 convenit:
1772 598 1843 638 sed

151 678 204 705 ne
236 667 381 717 posset
413 669 554 718 royatn
588 666 761 719 placari.

270 735 366 776 259.
418 752 585 777 Gmwrs
614 754 802 778 DERIGVIT
830 738 874 778 id
903 741 959 779 est
984 738 1142 791 yelidus
1171 738 1305 790 faetus
1336 739 1520 791 clere'gym‘t.

269 806 366 846 260.
416 817 506 846 NEC
538 818 620 846 IAM
660 818 859 849 AMPLIVS
898 819 1035 849 ARMIS
1075 808 1279 850 subaudis
1319 807 1407 849 eusi
1441 808 1578 862 sunt’3
1617 824 1693 850 nec
1733 810 1843 850 enim

150 878 294 929 potest
326 890 416 916 esse
451 876 503 916 ab
536 876 811 919 inferioribus
844 893 1041 933 zeugma,
1081 880 1192 933 quod
1230 880 1480 934 plerumque
1513 880 1579 933 fit,
1618 883 1666 920 ut
1699 880 1737 920 ei
1768 895 1842 933 per

151 946 294 987 omnia
325 961 432 987 unus
465 961 604 988 sermo
638 948 840 1001 sufficiat,
879 950 926 988 ut
959 948 1099 1002 (359)
1132 948 1443 1004 Troiugena,
1484 950 1739 1003 interpres
1773 950 1842 990 di-

147 1031 276 1069 vum,
318 1016 402 1071 qui
434 1017 641 1058 numina
672 1017 885 1072 Phoebi,
925 1019 1008 1072 qui
1040 1019 1293 1074 tripodas,
1334 1018 1495 1061 Clarii
1527 1021 1720 1074 laurus,
1759 1021 1843 1074 qui

149 1087 319 1128 sidera
349 1088 502 1129 sentis
533 1102 608 1141 per
640 1088 784 1129 omnia
817 1087 993 1129 esentis’
1026 1089 1258 1143 intellegis.
1315 1089 1566 1145 plerumque
1600 1090 1713 1131 aliud
1748 1091 1842 1131 sub-

150 1156 340 1211 auditur,
372 1160 420 1197 ut
450 1157 530 1198 hoc
563 1158 674 1212 1000,
707 1158 811 1198 item
845 1157 956 1210 <XII
988 1159 1102 1212 435>
1135 1159 1291 1213 disce,
1329 1175 1467 1215 puer,
1506 1161 1753 1202 virtutem
1785 1177 1841 1202 ex

148 1242 220 1268 me
264 1242 536 1282 verumque
580 1229 829 1283 laborem,
872 1229 1132 1271 fortunam
1177 1245 1231 1271 ex
1274 1231 1395 1272 aliis
1434 1232 1637 1273 subaudis
1677 1231 1842 1287 ‘opta'3

145 1313 246 1355 nam
277 1297 452 1339 fortuna
484 1313 533 1339 ex
568 1299 664 1340 aliis
697 1314 783 1340 non
815 1299 1003 1341 discitur.

265 1369 362 1410 261.
413 1380 499 1410 SED
520 1381 656 1411 VOTIS
679 1381 997 1419 PRECIBVSQVE
1023 1370 1177 1425 duplici
1206 1372 1372 1413 ratione
1401 1373 1627 1426 placantur
1652 1373 1837 1427 numina,

148 1441 222 1480 aut
254 1439 365 1480 votis
394 1443 468 1481 aut
492 1441 707 1494 precibus:
740 1440 849 1481 unde
876 1444 941 1482 est
968 1441 1108 1495 <437>
1135 1442 1346 1484 Iunonis
1380 1457 1593 1497 magnae
1625 1444 1842 1497 primuni

146 1524 294 1564 prece
320 1525 503 1552 numen
529 1511 698 1565 adora,
723 1511 906 1552 Iunoni
933 1527 1052 1553 cane
1080 1515 1198 1554 vota
1224 1513 1407 1555 libens.
1486 1526 1660 1555 IVBENT
1681 1515 1842 1569 volunt,

146 1583 195 1621 ut
227 1580 378 1635 (113)
410 1581 672 1623 infandum
706 1583 887 1637 regina
924 1583 1068 1624 iubes
1107 1598 1356 1625 renovare
1394 1584 1633 1625 dolorem.
1698 1586 1841 1626 Tereu-

148 1652 228 1693 tius
259 1652 401 1693 iubeo
433 1651 734 1695 Chremetem.
1768 1638 1779 1651 ’

264 1722 361 1763 262.
412 1734 512 1764 SIVE
538 1735 663 1764 DEAE
692 1724 792 1777 quia
818 1724 1022 1767 divinant.
1115 1737 1446 1775 OBSCENAEQVE
1469 1738 1708 1768 vonvcmzs
1743 1727 1843 1781 quia

145 1792 189 1833 in
232 1792 299 1833 his
337 1794 498 1834 ventris
537 1795 768 1836 cernebant
813 1796 1065 1849 proluviem.
1127 1797 1235 1837 bene
1281 1799 1442 1850 autem,
1488 1797 1617 1837 etiam
1664 1797 1699 1838 si
1745 1812 1841 1838 aves

148 1866 265 1917 sunt,
299 1878 368 1905 eas
401 1864 505 1906 dicit
536 1863 767 1919 placandas
800 1868 974 1920 propter
1006 1867 1195 1920 pessima
1228 1867 1381 1908 omina.

265 1935 361 1976 263.
412 1947 564 1977 PAssls
597 1937 759 1991 apertis,
793 1937 959 1978 solutis,

265 2006 363 2047 5264.
413 2018 594 2047 NVMINA
632 2018 792 2048 MAGNA
829 2007 899 2048 hoe
936 2011 993 2049 est
1028 2008 1172 2049 Iovem
1210 2007 1449 2050 Minervam
1482 2009 1743 2050 Mercurium
1783 2024 1876 2050 se-*

146 2076 329 2118 cundum
351 2074 670 2132 Samothracas,
696 2082 742 2119 w}
760 2079 871 2132 <12>
889 2079 1157 2132 penatibus
1182 2083 1224 2140 et
1247 2080 1438 2132 magnis
1462 2081 1572 2121 diis.
1626 2081 1683 2120 ita
1708 2084 1842 2122 cartem

147 2148 322 2201 invocat,
354 2151 402 2188 ut
432 2147 625 2202 ‘magma’
658 2151 778 2191 dieat.
892 2161 1091 2191 MERITOS
1125 2164 1356 2205 congruOS,
1389 2149 1433 2190 id
1466 2154 1531 2191 est
1563 2151 1840 2204 expiatorios:

146 2218 256 2259 unde
289 2219 481 2273 sequitur
514 2218 578 2260 ‘di
609 2220 834 2274 prohibete
868 2219 1038 2261 minas’.
1171 2238 1322 2263 JNDJCJT
1354 2235 1563 2263 saerormn
1600 2222 1713 2263 verbo
1747 2236 1842 2264 usus

150 2292 226 2339 est‚·
257 2303 356 2330 mim
386 2290 698 2342 supplicationes
729 2294 766 2332 et
794 2292 878 2332 dies
906 2291 1000 2343 festi
1030 2291 1157 2331 indici
1188 2291 1434 2333 dicebantur.

272 2360 369 2401 265.
419 2378 481 2402 DII
497 2378 713 2404 PROHJBETE
730 2378 851 2403 MINAS
879 2362 950 2403 hoe
982 2375 1054 2413 per
1086 2363 1253 2414 speeiem
1284 2363 1520 2415 auyuralem
1551 2377 1653 2414 quae
1683 2364 1842 2404 invoca-

152 2431 206 2471 tio
240 2431 471 2484 appellatur
500 2446 583 2474 non
613 2433 720 2474 nulli
757 2433 908 2473 dietum
936 2435 1100 2485 putant.
1161 2433 1359 2474 invocatio
1395 2437 1528 2474 autem
1566 2436 1623 2474 est
1653 2435 1841 2488 precatio,

1393 2498 1406 2511 .

242 2586 283 2617 19
311 2582 522 2629 Terentius]
549 2583 743 2621 Andr,.11[
769 2588 800 2628 3,
830 2588 847 2618 1

245 2728 264 2758 2
293 2725 347 2759 est
372 2724 480 2759 famis
507 2724 632 2760 fatalis
658 2725 735 2760 FC
766 2726 872 2759 hesas
900 2725 976 2759 FO
1001 2727 1012 2770 ΙΙ
1044 2731 1064 2759 4
1092 2725 1207 2760 nostri
1234 2729 1264 2759 et
1290 2737 1435 2760 mensas
1460 2727 1539 2761 hab.
1570 2726 1600 2760 C
1620 2728 1631 2769 Η
1663 2726 1839 2760 honorem

151 2771 200 2804 M
217 2771 229 2815 ΙΙ
254 2775 273 2805 5
302 2771 397 2806 enim
423 2783 487 2806 om.
517 2772 547 2806 C
563 2773 574 2816 ΙΙ
601 2777 620 2806 6
646 2772 764 2817 possit
791 2772 865 2807 FC
882 2774 893 2816 ΙΙ
918 2777 1049 2817 rogata
1076 2773 1105 2807 C
1121 2774 1133 2817 ΙΙ
1154 2778 1171 2807 7
1199 2786 1360 2808 11110ον11·
1388 2777 1419 2807 et
1444 2773 1595 2816 diriguit
1622 2773 1660 2806 F
1677 2775 1687 2815 Η
1708 2774 1754 2807 ad
1779 2784 1839 2816 ge-

150 2817 247 2852 lidus
273 2818 436 2863 deriguit
460 2830 561 2862 supr.
588 2831 674 2853 vers.
701 2820 846 2863 gelidus
872 2820 992 2854 factus
1021 2821 1053 2854 T
1082 2822 1093 2864 ΙΙ
1126 2827 1144 2854 9
1173 2832 1302 2854 zcuma
1328 2821 1414 2854 libri
1441 2822 1452 2864 Η
1483 2820 1538 2864 fit]
1568 2820 1638 2853 fuit
1663 2819 1738 2853 FC
1766 2822 1776 2862 ΙΙ
1806 2820 1839 2853 ci

151 2864 344 2899 FOME:
371 2868 408 2900 et
432 2866 484 2908 H,
511 2876 575 2900 om.
603 2866 636 2899 L
655 2867 666 2909 ΙΙ
692 2870 733 2899 11
761 2867 902 2901 Phoebi
930 2895 936 2900 .
966 2895 972 2900 .
1001 2895 1007 2901 .
1035 2867 1155 2901 sidera
1181 2878 1246 2901 om.
1276 2868 1323 2900 M
1341 2868 1352 2911 ΙΙ
1376 2867 1498 2901 lauros
1530 2866 1605 2900 FL
1625 2869 1636 2909 Η
1660 2871 1698 2899 12
1727 2866 1839 2900 sentis

145 2911 226 2947 hab.
252 2911 281 2946 Ο
296 2913 307 2956 ΙΙ
329 2917 370 2946 15
392 2923 435 2947 ex
460 2912 542 2947 aliis
569 2924 634 2947 om.
657 2913 772 2947 OHL
799 2915 894 2956 (add.
917 2915 941 2956 l)
961 2915 973 2957 ΙΙ
995 2918 1035 2949 18
1056 2914 1145 2948 item
1174 2914 1301 2948 Iunoni
1327 2915 1431 2957 vulsso
1450 2915 1461 2957 ΙΙ
1484 2918 1524 2947 19
1545 2914 1703 2947 terentio
1729 2913 1838 2947 iubeo

147 2961 347 2993 cremetum
375 2959 414 2992 F
436 2961 447 3003 ΙΙ
473 2964 516 2994 23
544 2960 667 2994 omnia
692 2960 773 2993 LH
798 2960 934 3004 (omina
960 2962 984 3005 l)
1005 2963 1016 3004 Η
1043 2965 1088 2995 24
1114 2961 1242 2995 solutis
1269 2960 1405 3004 apertis
1433 2962 1461 2994 G
1478 2962 1489 3004 Η
1515 2964 1557 2993 25
1585 2960 1654 2994 1100
1680 2962 1735 2994 est
1759 2961 1838 2995 hab.

148 3004 178 3038 Ο
199 3006 211 3050 11
239 3005 477 3052 Mercurium]
506 3008 543 3041 et
569 3018 661 3051 pepe
688 3008 770 3041 add.
798 3007 837 3040 F
858 3008 870 3052 ΙΙ
899 3008 1099 3042 secundum
1126 3008 1384 3042 Samothracas
1411 3018 1475 3040 om.
1504 3006 1580 3041 1⁸0
1601 3007 1613 3050 l}
1643 3011 1684 3041 28
1712 3008 1760 3041 acl
1785 3007 1838 3040 in-

146 3051 238 3086 dicit
268 3054 309 3087 in
339 3065 451 3098 mary.
491 3065 573 3088 cum
606 3054 696 3088 dicit
728 3053 858 3088 indicit
889 3065 1075 3089 sacrorum
1104 3055 1217 3089 uerbo
1245 3066 1330 3087 usus
1357 3056 1413 3087 est
1437 3064 1523 3087 nam
1550 3053 1839 3098 supplicationes

145 3099 185 3179 pt
209 3099 288 3133 dies
313 3099 401 3135 festi
426 3100 539 3135 indici
565 3100 793 3137 dicebantur.
820 3101 905 3135 inde
931 3101 1092 3137 indictae
1119 3101 1230 3135 feriae
1260 3101 1292 3133 Τ
1308 3101 1320 3144 ΙΙ
1345 3105 1389 3134 30
1415 3101 1485 3135 hoc
1512 3112 1577 3144 per
1598 3129 1604 3135 .
1622 3127 1627 3133 .
1645 3128 1650 3135 .
1671 3102 1841 3146 suscepta

157 3146 224 3180 aab.
252 3146 416 3182 Ambros.

1485 3207 1556 3241 25*

1872 960 1912 989 10

1868 1666 1912 1696 20

1867 2374 1911 2403 30
