2204 3437
425 188 512 230 544
1189 185 1348 220 SERVII

543 296 642 339 443.
691 308 738 338 ΙΤ
765 307 964 338 STRIDOR
996 296 1049 337 ad
1070 295 1258 337 dolorem
1282 294 1451 335 Aeneae
1471 293 1668 348 pertinet,
1688 293 1738 335 de
1762 309 1844 348 quo
1867 294 1927 336 ait
1947 293 2118 348 emagno

426 368 634 422 persentit
658 369 829 422 pectore
856 366 1006 408 curas'.
1097 377 1216 407 ALTE
1243 368 1317 406 ant
1340 364 1510 419 iugiter,
1537 364 1626 419 diu,
1652 368 1726 406 aut
1749 379 1797 406 ex
1822 366 1903 407 alto
1929 359 2120 406 cadentes.

546 438 645 480 444.
696 449 1030 481 CONSTERNVNT
1058 438 1255 492 implent,
1281 436 1508 486 cumulant,
1539 438 1587 476 ut
1613 437 1776 477 strata
1809 436 1978 477 iacent
2009 451 2120 490 pas-

430 511 525 552 sim
558 525 646 551 sua
678 524 907 565 quaeque
941 511 1031 552 sub
1065 510 1244 551 arbore
1277 522 1434 563 poma.
1532 518 1744 549 FRONDES
1779 507 1889 548 sicut
1919 506 2121 548 lacrimae

383 595 403 626 5
430 581 614 623 Aeneae.
734 598 866 623 srzprs
893 585 1028 623 autem
1058 582 1191 623 media
1214 593 1319 633 pars
1350 583 1407 621 est
1435 579 1615 632 arboris,
1643 592 1745 631 quae
1776 591 1911 620 ramos
1941 579 2121 620 sustinet.

546 651 645 694 445.
694 663 874 693 HAERET
908 663 1128 694 SCOPVLIS
1162 651 1270 692 sicut
1301 650 1375 691 1116
1405 650 1451 691 111
1484 649 1661 691 consilio
1693 651 1949 703 perseverat.

548 723 645 764 446.
696 735 883 764 TANTVM
915 733 1088 764 RADICE
1122 734 1171 763 IN
1205 732 1418 762 TARTARA
1450 731 1620 762 TENDIT
1654 720 1883 761 secundum
1909 720 2123 774 physiCOS,

433 795 505 850 qui
536 794 683 836 dicunt
713 809 860 849 parem
894 808 984 835 esse
1017 792 1290 835 altitudinem
1321 791 1512 833 radicum
1545 793 1587 832 et
1619 791 1832 832 arborum.

549 866 648 908 448.
699 882 897 908 TVNDITVR
921 878 1036 918 saepe
1058 864 1264 917 pulsatur.
1329 863 1540 904 Terentius
1572 863 1814 904 tundendo
1845 865 1988 915 atque
2018 861 2127 903 odio

366 952 408 983 10
433 938 635 991 denique
665 936 834 989 effecit
863 949 1020 989 senex,
1052 938 1088 977 et
1118 935 1202 988 ipse
1232 934 1334 976 alibi
1363 933 1583 987 Rhipaeo
1616 934 1843 975 tunditur
1872 933 2018 974 Euro.

435 1027 566 1052 MAGNO
593 1025 806 1052 PERSENTIT
837 1024 1005 1050 PECTORE
1045 1006 1230 1060 quamvis
1272 1019 1435 1059 nzayno,
1479 1005 1601 1047 sentit
1643 1019 1783 1055 curas,
1826 1005 1896 1046 sed
1929 1017 1997 1046 eas
2030 1003 2134 1057 forti

428 1084 587 1136 pectore
610 1081 784 1133 patitur.
846 1077 1008 1121 ‘caras'
1033 1081 1164 1132 potest
1192 1076 1388 1127 Didonis,
1412 1079 1545 1130 potest
1574 1079 1611 1117 et
1639 1089 1745 1118 suas.

554 1152 652 1193 449.
701 1167 806 1194 MENS
829 1167 972 1193 INMOTA
997 1166 1132 1191 MANET
1159 1150 1216 1191 ad
1244 1149 1349 1190 illust
1377 1147 1550 1200 refertur
1576 1146 1672 1188 ‘illa
1701 1147 1837 1189 haeret
1865 1145 2071 1200 seopulis’.

438 1234 675 1266 LACRIMAE
708 1233 876 1263 INANES
917 1221 1017 1276 quia
1061 1219 1202 1261 ‘mens
1241 1219 1405 1261 inmota
1448 1217 1632 1259 manet’:
1676 1222 1713 1259 et
1754 1221 1891 1259 utrum
1936 1217 2134 1268 ‘inanesss

370 1308 411 1340 15
437 1309 539 1350 quae
563 1294 723 1337 Didoni
747 1293 854 1335 nihil
872 1292 1065 1346 prosint?
1097 1291 1265 1344 qnidam
1291 1293 1425 1331 tamen
1452 1289 1666 1331 ‘lacrimas
1690 1288 1854 1331 inanes’
1880 1289 1940 1331 vel
1965 1289 2135 1344 Aeneae,

437 1368 496 1410 vel
526 1366 724 1416 Didonis,
754 1365 814 1406 vel
844 1363 1013 1417 Annae,
1043 1363 1103 1404 vel
1134 1362 1316 1404 omnium
1347 1361 1564 1414 accipiant.

555 1438 655 1480 450.
705 1448 800 1479 TVM
832 1446 956 1478 VERO
1000 1435 1101 1488 post
1143 1433 1498 1487 desperationem.
1637 1448 1772 1481 (ΜΝΞ)
1802 1449 2019 1474 EXPERRITA
2046 1449 2138 1474 DIDO

440 1510 554 1564 atqui
584 1510 631 1551 in
660 1510 741 1563 fine
772 1508 834 1549 ait
864 1506 1007 1561 <696>
1045 1519 1156 1547 nant
1192 1505 1312 1558 quia
1354 1518 1436 1546 nec
1475 1504 1597 1558 fato,
1640 1504 1820 1544 merita
1863 1517 1944 1545 nee
1987 1506 2138 1544 morte

433 1581 650 1636 peribat.
713 1577 855 1632 ‘fatis'
893 1591 984 1631 erqo
1015 1580 1089 1619 ant
1117 1577 1240 1618 malis
1265 1577 1376 1618 suis:
1408 1578 1483 1616 aut
1511 1588 1538 1615 a
1568 1574 1682 1616 verbo
1716 1573 1817 1629 tfor,
1859 1573 1987 1626 saris'
2029 1575 2140 1627 fatis,

371 1665 417 1695 20
442 1654 488 1696 id
515 1656 573 1695 est
601 1651 802 1705 responsis
833 1649 1005 1691 Aeneae.
1126 1658 1392 1688 EXTERRITA
1424 1649 1558 1688 antem
1589 1645 1883 1700 praecipitata,
1915 1646 2102 1688 turbata.

561 1723 659 1765 451.
708 1732 903 1764 MORTEM
936 1731 1057 1762 ORAT
1099 1733 1176 1773 pro
1217 1718 1446 1772 desiderat,
1486 1719 1534 1758 ut
1567 1716 1638 1771 <H
1671 1716 1784 1771 655>
1825 1719 2140 1771 mortemque

445 1794 770 1837 miserrimus
802 1794 942 1846 opto:
976 1792 1048 1832 aut
1081 1792 1195 1831 certe
1226 1789 1322 1830 ideo
1357 1787 1506 1843 eorat’,
1539 1788 1639 1843 quia
1666 1790 1914 1830 consecrata
1939 1787 2034 1842 fuit,
2065 1802 2142 1829 nec

446 1867 556 1909 mori
598 1866 786 1920 poterat,
834 1863 919 1905 nisi
964 1863 1107 1904 soluta
1157 1859 1487 1903 consecratione.
1639 1870 1776 1901 CAELI
1821 1870 2039 1901 CONVEXA
2082 1859 2143 1900 111-

448 1953 576 1981 curva
607 1937 728 1978 caeli.

378 2020 422 2052 ‘25
567 2008 664 2050 452.
715 2024 787 2055 Qvo
815 2023 936 2049 MAGIS
964 2022 1161 2049 INCEPTVM
1183 2020 1361 2046 PERAGAT
1392 2003 1438 2044 id
1466 2006 1523 2044 est
1550 2005 1718 2044 mortem
1747 2002 1826 2044 sibi
1856 2002 2019 2055 inferat.

450 2097 601 2127 LVCEMQ
611 2096 657 2121 VE
678 2096 901 2126 RELINQVAT
940 2078 997 2119 ad
1024 2077 1130 2118 illud
1162 2075 1312 2117 ‘taedet
1341 2075 1441 2116 Caeli
1471 2088 1644 2116 convexa
1676 2073 1813 2116 tuert'.

547 2249 566 2279 3
594 2243 724 2288 strata]
752 2242 832 2277 buc.
860 2242 927 2277 VII
954 2245 998 2277 54
1023 2243 1034 2286 ΙΙ
1060 2245 1079 2276 7
1107 2240 1309 2275 secundum
1335 2267 1342 2273 .
1371 2267 1378 2273 .
1407 2266 1413 2272 .
1439 2238 1628 2284 arborum]
1656 2249 1767 2272 exscr.
1795 2237 1880 2272 Isid.
1907 2249 1957 2273 or.
1984 2238 2085 2272 XVII
2113 2242 2144 2282 6,

455 2293 567 2337 14119
594 2290 804 2336 Terentius]
832 2290 910 2325 hec.
938 2290 954 2324 I
980 2294 1012 2333 2,
1038 2293 1093 2324 48.
1133 2289 1176 2323 cf.
1204 2287 1295 2322 Don.
1323 2286 1370 2321 ad
1395 2286 1430 2321 h.
1458 2298 1488 2320 v.
1509 2286 1522 2330 ΙΙ
1551 2289 1594 2321 10
1621 2285 1728 2331 alibi]
1755 2296 1879 2330 georg.
1907 2285 1958 2319 III
1984 2289 2050 2319 382

552 2452 568 2481 1
596 2446 648 2491 1T]
675 2457 739 2480 om.
769 2444 808 2479 F
842 2457 884 2478 ET
911 2443 955 2478 H
988 2456 1037 2477 nr
1064 2442 1112 2476 M
1136 2443 1151 2486 11
1189 2451 1324 2486 magno
1352 2467 1359 2474 .
1386 2469 1393 2475 .
1422 2468 1429 2475 .
1457 2451 1562 2475 curas
1587 2450 1653 2474 om.
1680 2439 1726 2482 L,
1751 2440 1792 2473 in
1817 2449 1928 2483 τηαν-9.
1955 2439 2072 2483 suppl.
2099 2439 2111 2473 l
2137 2438 2146 2483 Η

455 2500 476 2530 ⁴2
503 2493 682 2539 persentit
709 2493 755 2526 M
763 2493 774 2527 I
782 2506 792 2526 ε
817 2490 998 2535 persensit
1022 2489 1109 2524 FN
1112 2490 1156 2523 H
1170 2491 1182 2533 ΙΙ
1201 2489 1280 2534 din]
1308 2489 1345 2533 et
1370 2487 1433 2522 diu
1457 2487 1501 2521 N
1534 2489 1572 2522 et
1597 2486 1659 2520 diu
1678 2487 1721 2521 H
1736 2488 1748 2531 Η
1767 2487 1815 2521 act
1840 2486 1914 2521 alte
1939 2497 2038 2530 supr.
2059 2496 2147 2520 vers.

456 2542 592 2587 iugiter
617 2542 653 2575 et
679 2540 741 2574 diu
766 2539 827 2573 1161
854 2549 897 2572 ex
923 2538 999 2572 alto
1026 2537 1199 2572 cadentes
1228 2536 1260 2569 Τ
1277 2538 1288 2580 ΙΙ
1308 2541 1328 2571 3
1355 2536 1404 2570 acl
1429 2535 1666 2569 consternunt
1691 2545 1789 2577 supr.
1816 2544 1904 2568 vers.
1930 2533 2087 2577 implent
2112 2534 2149 2568 et

458 2589 649 2625 cumulant
671 2588 703 2621 Τ
720 2589 732 2632 ΙΙ
751 2598 991 2621 voxs'rmzxAxT
1009 2584 1090 2619 NL
1117 2586 1372 2627 (consvrmmvnr
1392 2583 1432 2627 n)
1458 2594 1675 2616 coNsrnnxAr
1694 2582 1737 2615 H
1751 2582 1763 2626 ΙΙ
1782 2585 1801 2615 5
1829 2581 1878 2615 ad
1897 2580 2022 2625 stipite
2047 2590 2146 2624 supr.

458 2648 545 2671 vers.
571 2634 719 2680 proprie
746 2634 861 2677 stipes
887 2632 1022 2666 dicitur
1044 2631 1166 2666 media
1191 2642 1275 2674 pars
1295 2629 1434 2665 arboris
1455 2640 1549 2673 quae
1569 2628 1717 2663 frondes
1737 2627 1893 2662 sustinet
1918 2628 1948 2661 Τ
1964 2629 1976 2672 ΙΙ
1996 2631 2015 2661 6
2037 2627 2146 2672 sicut]

458 2686 500 2718 ut
521 2685 563 2717 M
585 2684 596 2727 ΙΙ
617 2687 635 2717 7
657 2693 810 2716 mmmm
830 2680 910 2714 NL
923 2680 968 2713 M
985 2681 997 2724 ΙΙ
1017 2683 1036 2713 9
1059 2679 1106 2713 acl
1131 2678 1298 2712 tunditur
1322 2689 1420 2722 supr.
1441 2687 1528 2712 ¹cers.
1551 2686 1659 2720 saepe
1685 2675 1853 2720 pulsatur
1876 2675 1908 2708 Τ
1924 2675 1935 2719 ΙΙ
1955 2674 2066 2709 hodio
2083 2674 2122 2708 F
2138 2674 2150 2719 [Ι

462 2735 504 2765 10
525 2730 682 2773 denique
702 2740 767 2763 om.
780 2728 916 2762 Daniel
934 2727 945 2770 ΙΙ
965 2725 1065 2760 eficit
1084 2726 1123 2759 F
1139 2726 1150 2769 ΙΙ
1170 2725 1299 2769 rhypio
1320 2725 1359 2759 F
1375 2727 1386 2769 ΙΙ
1408 2728 1447 2758 11
1471 2734 1590 2758 MAGNA
1610 2735 1794 2757 rnnsnnsrr
1815 2722 1854 2756 F
1870 2723 1881 2766 ΙΙ
1903 2725 1943 2756 12
1971 2722 2019 2756 ad
2045 2732 2149 2755 curas

460 2789 560 2822 supr.
586 2788 673 2811 vers.
704 2777 741 2811 et
775 2786 858 2809 suas
890 2775 928 2809 et
958 2772 1102 2807 didonis
1135 2775 1172 2807 et
1201 2784 1319 2807 annae
1349 2772 1381 2806 Τ
1410 2773 1421 2816 ΙΙ
1461 2775 1502 2805 13
1529 2772 1577 2805 acl
1602 2770 1744 2805 inmota
1768 2781 1867 2813 supr.
1892 2779 1980 2803 vers.
2005 2769 2077 2803 fixa
2104 2768 2151 2803 ad

461 2825 554 2859 illud
580 2825 705 2859 autem
730 2823 886 2857 refertur
910 2821 977 2855 illa
1002 2821 1080 2863 (sic)
1107 2820 1237 2854 haeret
1265 2819 1425 2864 scopulis
1455 2818 1486 2852 Τ
1509 2819 1521 2862 ΙΙ
1551 2817 1659 2862 illud]
1686 2817 1753 2851 illa
1777 2817 1817 2850 F
1841 2818 1853 2861 ΙΙ
1883 2815 2052 2862 referitur
2078 2815 2118 2849 F
2140 2816 2148 2860 '11

464 2877 507 2906 14
533 2873 581 2906 ad
607 2872 734 2905 inanes
765 2881 863 2914 supr.
890 2879 977 2903 vers.
1003 2867 1097 2901 nihil
1128 2866 1340 2910 profuturae
1369 2867 1401 2900 Τ
1429 2868 1441 2911 ΙΙ
1480 2870 1520 2900 15
1554 2864 1688 2899 didone
1713 2864 1752 2898 F
1780 2865 1791 2908 ΙΙ
1830 2867 1871 2898 16
1904 2862 2054 2897 didones
2079 2862 2119 2896 F
2140 2861 2152 2908 Η

463 2919 626 2954 onmium
648 2918 868 2952 Mam-icius:
894 2914 1084 2950 hominum
1104 2914 1144 2948 F
1159 2915 1171 2958 ΙΙ
1194 2918 1233 2948 17
1261 2915 1309 2948 ad
1333 2913 1419 2948 fatis
1444 2924 1543 2956 supr.
1571 2923 1657 2946 vers.
1684 2911 1792 2946 malis
1818 2910 1892 2944 suis
1917 2910 1978 2944 uel
2003 2920 2150 2954 respon-

464 2967 512 3001 sis
538 2977 675 3001 aeneae
700 2966 742 2999 ut
766 2963 893 2999 ueniat
919 2963 964 2997 ab
991 2973 1033 2996 co
1059 2961 1171 2996 uerbo
1198 2961 1295 3004 quod
1323 2962 1376 2995 est
1400 2960 1457 2995 for
1482 2959 1569 2994 faris
1598 2959 1631 2992 Τ
1659 2959 1671 3003 ΙΙ
1703 2962 1745 2992 19
1771 2957 1944 3002 perbibat
1967 2957 2007 2991 F
2034 2958 2046 3001 u
2077 2956 2149 3002 for]

463 3014 520 3048 far
546 3013 584 3046 F
611 3014 623 3057 ΙΙ
660 3017 704 3047 ‘20
731 3013 779 3046 acl
804 3010 979 3045 exterrita
1003 3020 1101 3053 supr.
1128 3019 1215 3043 vers,
1242 3008 1279 3041 id
1307 3009 1363 3042 est
1393 3006 1638 3052 praecipitata
1669 3006 1818 3040 turbata
1845 3004 1878 3038 Τ
1906 3005 1918 3048 ΙΙ
1955 3007 1998 3038 25
2025 3005 2073 3038 acl
2097 3003 2151 3037 in-

466 3062 612 3105 ceptum
638 3070 736 3103 supr.
764 3070 849 3093 vers.
878 3057 976 3102 quod
1001 3057 1124 3090 mente
1150 3055 1320 3099 concepit
1344 3054 1383 3088 id
1408 3055 1465 3089 est
1488 3055 1530 3088 ut
1555 3054 1713 3087 mortem
1739 3051 1809 3086 sibi
1834 3051 1971 3085 inferat
1997 3050 2030 3084 Τ
2058 3052 2070 3095 ΙΙ
2106 3054 2150 3085 26

467 3109 514 3142 acl
539 3107 732 3149 lucemque
763 3105 949 3149 1·e]inquat
979 3115 1078 3148 supr.
1111 3114 1197 3138 vers.
1231 3101 1408 3137 moriatur
1438 3102 1508 3136 hoc
1539 3101 1587 3136 ad
1617 3099 1711 3134 illud
1744 3098 1894 3144 respicit
1922 3098 2025 3133 tedet
2055 3096 2153 3133 caeli

467 3164 630 3189 connexa
654 3153 748 3187 tueri
778 3153 810 3186 T
