2204 3437
344 927 385 957 10

341 1284 381 1313 15

338 1639 382 1669 20

337 1994 379 2023 25

413 173 499 214 634
1179 173 1338 209 SERVII

533 281 629 322 558.
679 294 725 322 1T
753 293 963 324 PECTORE
990 294 1146 325 SVMMO
1181 284 1242 324 sic
1274 283 1519 338 legendum,
1551 299 1605 326 ne
1637 285 1695 325 sit
1726 286 2016 329 soloecismus.
2067 290 2109 328 et

413 352 473 392 rei
508 352 731 393 inanimali
764 353 882 394 dedit
914 357 1079 395 motum
1111 353 1288 395 dicendo
1322 353 1416 395 ‘it'.
1477 353 1722 396 ‘summum'
1757 359 1898 398 autem
1931 356 2108 411 ‘pectus'

414 423 475 463 ait
508 423 692 476 pectoris
725 426 767 463 et
799 423 901 464 colli
934 424 1176 466 confinium.

531 494 627 534 560.
678 505 793 534 ’11106
833 506 1040 544 Eerrviu
1080 505 1266 535 NVMERO
1307 506 1495 535 TVRMAE
1538 509 1627 536 rem
1667 495 1884 538 Romanae
1927 498 2107 539 militiae

414 579 489 604 suo
523 564 674 605 inserit
706 565 896 606 carmini.
959 580 1058 606 nam
1097 568 1266 607 constat
1304 566 1442 619 primo
1483 569 1570 607 tres
1608 570 1753 620 partes
1791 567 1923 609 fuisse
1962 569 2109 622 populi

411 634 610 676 Romani:
644 650 772 677 unam
794 635 1051 678 Titiensium
1079 653 1103 678 a
1129 636 1228 678 Tito
1255 636 1398 689 Tatio,
1425 636 1529 678 duce
1557 634 1832 692 Sabinorum,
1858 638 1944 679 iam
1971 640 2107 681 amico

412 710 513 759 post
561 706 758 748 foedera:
809 707 990 749 alteram
1036 708 1294 750 Ramnetum
1339 723 1364 749 a
1408 708 1618 750 Romulo:
1668 709 1842 750 tertiam
1887 708 2106 764 Lucerum,

412 791 593 830 quorum
627 778 858 819 secundum
891 778 1059 820 Livium
1092 780 1139 832 <1
1175 781 1239 834 13,
1272 779 1326 832 8>
1361 782 1404 820 et
1434 794 1591 820 nomen
1624 782 1667 821 et
1699 794 1825 821 causa
1860 780 1904 821 in
1937 781 2104 822 occulto

413 851 522 890 sunt.
587 848 723 890 Varro
757 852 901 890 tamen
934 850 1056 904 dicit,
1095 849 1327 891 Romulum
1359 849 1631 891 dimicantem
1665 853 1815 892 contra
1847 851 1993 892 Titum
2026 851 2105 893 Ta-

413 919 522 960 tium
549 934 573 960 a
598 919 935 975 Lucumonibus,
967 921 1048 963 hoc
1081 924 1145 963 est
1171 921 1343 974 Tuscis,
1375 921 1535 962 auxilia
1566 921 1824 975 postulasse.
1874 923 1985 964 unde
2019 923 2107 977 qui-

411 989 508 1031 dam
547 991 664 1032 venit
701 1005 794 1032 cum
833 993 1038 1034 exercitu:
1089 992 1176 1047 cui,
1222 995 1392 1046 recepto
1430 992 1516 1033 iam
1557 991 1703 1046 Tatio,
1746 1007 1846 1046 pars
1884 995 2004 1035 urbis
2043 997 2108 1035 est

411 1060 528 1102 data:
566 1076 590 1102 a
622 1077 705 1116 quo
738 1062 781 1102 in
814 1064 916 1104 urbe
950 1063 1112 1105 Tuscus
1155 1063 1291 1105 dictus
1333 1066 1398 1105 est
1435 1063 1564 1104 vicus.
1625 1061 1831 1105 Horatius
1872 1079 1926 1106 ac
1956 1065 2106 1107 Tusci

410 1133 560 1174 turba
610 1133 766 1188 impia
817 1135 927 1175 vici.
991 1149 1092 1190 ergo
1139 1151 1164 1177 a
1207 1134 1452 1177 Lucumone
1497 1134 1679 1175 Luceres
1724 1135 1828 1176 dicti
1873 1138 1982 1176 sunt.
2046 1136 2105 1176 sic

410 1206 553 1245 autem
586 1204 629 1244 in
662 1208 750 1245 tres
788 1208 933 1259 partes
973 1206 1158 1247 divisum
1196 1206 1329 1247 fuisse
1368 1205 1575 1260 populum
1608 1205 1889 1247 Romanorum
1922 1209 2105 1259 constat,

410 1277 457 1314 ut
488 1275 615 1315 etiam
651 1276 722 1330 qui
755 1279 982 1330 praeerant
1023 1277 1206 1331 singulis
1244 1277 1459 1331 partibus,
1497 1276 1658 1317 tribuni
1699 1276 1955 1318 dicerentur:
1982 1276 2105 1318 -unde

409 1345 539 1386 etiam
573 1349 786 1401 sumptus,
820 1362 924 1402 quos
959 1347 1119 1389 dabant
1150 1348 1329 1402 populo,
1359 1348 1522 1389 tributa
1554 1347 1842 1388 nominarunt.
1964 1359 2104 1389 TERNI

409 1427 649 1459 DVCTORES
683 1432 801 1459 more
835 1432 929 1459 suo:
962 1418 1043 1460 hoc
1076 1422 1143 1459 est
1174 1422 1272 1461 tres,

526 1489 623 1530 561„
673 1500 914 1531 DVCTORES
935 1501 1075 1531 PVERI
1102 1490 1171 1531 hic
1197 1490 1369 1544 quidam
1396 1490 1655 1544 distingunt,
1680 1492 1728 1530 ut
1754 1489 1936 1531 diximus
1964 1504 2102 1544 supra.

526 1559 623 1601 562.
674 1572 963 1610 PARIBVSQVE
984 1572 1231 1603 MAGISTRIS
1260 1564 1301 1603 et
1327 1561 1408 1603 hoc
1434 1561 1613 1603 adludit:
1639 1575 1738 1602 nam
1759 1560 1968 1615 hodieque
1990 1561 2104 1616 equi-

409 1632 498 1670 tum
534 1630 732 1672 dicuntur
763 1631 973 1686 magistri.

527 1701 624 1742 564.
675 1713 844 1744 POLITE
864 1714 1121 1745 PROGENIES
1148 1704 1271 1745 illum
1299 1703 1401 1745 dicit
1428 1718 1553 1758 quem
1582 1718 1709 1757 supra
1735 1718 1759 1744 a
1782 1702 1946 1756 Pyrrho
1973 1702 2103 1744 intro-

408 1771 528 1813 duxit
568 1772 773 1826 occisum,
815 1773 865 1814 de
905 1789 988 1828 quo
1027 1772 1134 1815 Cato
1172 1775 1216 1815 in
1255 1774 1491 1829 originibus
1530 1773 1651 1828 dicit,
1690 1773 1800 1829 quod
1839 1774 1888 1815 ad
1929 1773 2102 1815 Italiam

407 1844 570 1884 venerit
609 1847 651 1885 et
691 1847 939 1900 segregatus
986 1845 1038 1886 ab
1079 1846 1224 1886 Aenea
1269 1845 1505 1887 condiderit
1543 1845 1746 1900 oppidum
1784 1845 2039 1887 Politorium
2077 1860 2101 1887 a

408 1928 483 1954 suo
516 1914 701 1955 nomine.

526 1985 621 2027 565.
673 1997 797 2035 QVEM
835 1998 1062 2029 THRACIVS
1102 1999 1234 2029 ALBIS
1272 2000 1452 2030 PORTAT
1490 1999 1640 2037 EQVVS
1687 2002 1779 2029 cum
1820 1990 1908 2028 tres
1947 1987 2101 2028 dixerit

407 2055 553 2109 duces,
594 2056 772 2097 duorum
812 2071 942 2111 equos
982 2061 1301 2101 commemorat.
1363 2059 1436 2100 sed
1475 2061 1549 2100 aut
1587 2058 1879 2112 praetermisit
1911 2058 2021 2112 quod
2053 2061 2101 2099 ut

408 2130 738 2181 consequeretur
769 2142 940 2169 necesse
973 2132 1083 2170 erat:
1125 2144 1200 2170 nec
1233 2130 1346 2170 enim
1378 2144 1486 2170 unus
1518 2128 1644 2183 pedes
1679 2143 1769 2170 esse
1802 2131 1989 2182 poterat:
2027 2132 2102 2170 aut

407 2198 483 2239 1110
522 2198 705 2239 reddidit
744 2198 854 2252 loco,
892 2202 940 2240 ut
977 2199 1141 2241 ‘cetera
1176 2200 1310 2255 pubes
1351 2200 1529 2242 senioris
1562 2200 1745 2242 Acestae
1782 2199 1916 2241 fertur
1947 2198 2099 2254 equis'.

409 2283 667 2323 quamquam
700 2270 824 2311 multi
858 2270 1133 2312 distinctione
1167 2274 1336 2313 mutata
1372 2274 1460 2313 tres
1494 2286 1624 2326 equos
1663 2273 2013 2325 commemorent,
2052 2273 2100 2312 ut

504 2390 525 2419 4
550 2397 627 2420 16111
653 2386 841 2421 Romanae
868 2398 895 2421 e.
924 2399 958 2430 q.
986 2388 1026 2431 s.]
1055 2387 1099 2423 cf.
1126 2387 1243 2423 Varro
1269 2388 1302 2423 d.
1330 2388 1353 2422 l.
1380 2388 1405 2422 l.
1432 2388 1463 2421 V
1490 2392 1545 2431 46,
1573 2391 1628 2431 55,
1654 2391 1709 2421 81.
1759 2386 2099 2422 Pseudo-Asconius

409 2445 443 2476 p.
473 2437 549 2475 159,
579 2436 620 2467 15
642 2445 718 2477 sqq.
748 2433 805 2468 Or.
827 2435 838 2478 ΙΙ
862 2438 901 2467 12
928 2434 1118 2479 Horatius]
1137 2436 1214 2469 sat.
1242 2436 1274 2469 II
1301 2439 1333 2479 3,
1354 2438 1420 2469 228
1441 2435 1452 2480 ΙΙ
1481 2439 1521 2469 13
1549 2435 1600 2469 610
1625 2436 1749 2469 autem
1848 2434 2098 2479 nominarunt]

409 2491 520 2514 exscr.
548 2480 633 2514 Isid.
661 2492 711 2515 or.
739 2480 822 2515 XVI
852 2486 904 2524 18,
933 2486 950 2516 ‘i'
971 2483 983 2526 1Ι
1003 2485 1045 2516 22
1073 2481 1162 2516 Cato
1190 2482 1225 2516 in
1253 2482 1471 2527 originibus]
1500 2482 1532 2516 11
1559 2486 1602 2516 26
1628 2482 1735 2525 10111,
1763 2486 1806 2516 54
1831 2481 1909 2516 Pet.

506 2591 523 2619 1
550 2587 722 2620 scholium
748 2587 797 2621 acl
822 2598 851 2620 v.
873 2591 940 2622 558
967 2598 1032 2622 om.
1060 2587 1099 2621 F
1121 2588 1132 2631 ΙΙ
1161 2592 1180 2621 5
1207 2588 1349 2634 inserit]
1376 2588 1506 2622 intulit
1530 2588 1569 2622 F
1585 2590 1596 2632 ΙΙ
1622 2589 1766 2622 constat
1791 2598 1855 2622 om.
1884 2588 1930 2631 F,
1957 2589 2100 2622 constet

410 2634 478 2677 Nu
497 2633 561 2667 tris
581 2633 619 2667 F
635 2635 647 2678 u
668 2639 686 2668 6
714 2645 787 2668 una
807 2634 846 2668 F
861 2636 873 2678 ΙΙ
892 2634 1125 2669 tratiensium
1151 2635 1195 2668 H
1225 2635 1438 2670 tatiensium
1466 2636 1514 2670 M
1530 2637 1542 2680 ΙΙ
1563 2640 1580 2670 7
1608 2635 1845 2680 Ramnetum]
1872 2637 1974 2670 trans
1998 2636 2098 2670 etum

408 2681 448 2714 H
466 2684 478 2725 ΙΙ
503 2685 523 2715 8
550 2681 691 2724 lybium
718 2681 757 2714 F
773 2681 785 2725 ΙΙ
804 2681 985 2716 101011111ῑο
1012 2693 1054 2716 ex
1080 2682 1265 2716 rumulum
1294 2684 1339 2717 M
1363 2685 1375 2727 ΙΙ
1402 2687 1444 2717 10
1470 2681 1724 2717 lacumonibus
1750 2682 1789 2716 F
1809 2683 1822 2727 H
1852 2682 1938 2727 hoc]
1964 2682 2002 2716 id
2027 2682 2066 2716 F
2087 2687 2098 2727 [j

411 2732 451 2761 11
480 2727 659 2773 exercitu]
688 2730 811 2762 erectu
838 2729 878 2762 H
895 2729 907 2773 ΙΙ
932 2728 1042 2763 Tatio
1068 2739 1133 2763 om.
1163 2730 1209 2763 M
1234 2731 1245 2774 ΙΙ
1271 2730 1333 2764 ubi
1357 2731 1401 2764 N
1422 2730 1535 2773 (urbis
1560 2731 1598 2771 ¹n)
1623 2729 1704 2763 ubis
1729 2729 1774 2763 H
1792 2730 1804 2774 11
1832 2733 1873 2763 12
1900 2740 1922 2764 a
1948 2740 2019 2773 quo
2045 2729 2098 2763 F:

409 2785 479 2819 quo
504 2775 583 2808 NL
616 2786 686 2819 que
707 2776 751 2809 H
778 2776 872 2810 unde
895 2776 941 2810 M
958 2778 970 2819 Η
989 2775 1116 2810 tusciis
1137 2776 1177 2810 F
1204 2788 1311 2811 1160116
1331 2777 1375 2811 H
1389 2779 1401 2822 ΙΙ
1420 2788 1463 2811 ac
1487 2777 1599 2821 tusci]
1626 2777 1744 2811 atusci
1765 2777 1813 2810 M
1829 2778 1841 2820 ΙΙ
1863 2780 1903 2810 13
1931 2776 2011 2810 11106
2030 2775 2070 2809 F
2085 2776 2095 2817 {1

408 2822 493 2856 lucu
520 2833 609 2857 eone
636 2822 668 2855 L
694 2824 706 2866 ΙΙ
731 2822 865 2856 11106116
891 2822 930 2856 F
952 2824 964 2867 ΙΙ
990 2823 1042 2857 610
1067 2824 1208 2868 autem]
1237 2835 1322 2868 ergo
1351 2825 1398 2858 M
1421 2825 1433 2868 ΙΙ
1461 2828 1501 2858 15
1528 2823 1584 2868 ut]
1611 2824 1704 2858 adeo
1730 2826 1770 2857 ut
1795 2823 1993 2858 Fabricius
2016 2825 2028 2867 ΙΙ
2055 2827 2096 2857 16

409 2881 579 2908 ‘rh-nmen:
606 2869 645 2902 F
678 2871 690 2913 n
729 2874 770 2903 17
798 2881 898 2904 10016
926 2899 932 2904 .
960 2898 968 2904 .
997 2899 1001 2904 .
1030 2870 1120 2915 tres]
1147 2873 1220 2904 tres
1247 2875 1284 2905 et
1310 2871 1364 2905 ait
1392 2882 1492 2906 more
1519 2882 1583 2905 suo
1611 2870 1650 2904 F
1679 2872 1691 2915 ΙΙ
1729 2875 1770 2904 19
1798 2873 1835 2905 et
1859 2871 1927 2904 hoc
1953 2870 2098 2904 adludit

730 2930 787 2953 hoc

410 2963 518 2995 FM:
546 2963 603 2997 uel
631 2965 668 2997 et
694 2975 736 2998 ex
786 2963 932 2998 adludit
955 2964 997 2997 N
1031 2974 1074 2997 ex
1099 2963 1169 2998 hoc
1195 2965 1339 2999 adludit
1364 2966 1375 3000 Z
1399 2966 1497 3008 (ozam
1522 2976 1565 3000 ex
1590 2964 1659 2999 hoc
1755 2963 1924 3008 magistri
1949 2964 1990 2997 in
2015 2974 2096 2998 con-

408 3037 507 3067 teaetu
533 3035 663 3069 omissa
689 3036 727 3068 in
755 3046 865 3080 πιανέ),
892 3036 1008 3079 suppl.
1031 3035 1056 3079 l>
1093 3035 1153 3068 uel
1180 3036 1217 3069 et
1243 3046 1285 3068 ex
1311 3035 1379 3069 hoc
1407 3034 1550 3069 adludit
1572 3035 1615 3068 H
1629 3036 1641 3079 ΙΙ
1660 3038 1704 3068 20
1729 3033 1898 3078 magistri
1925 3033 2096 3068 dicuntur

411 3081 457 3113 M
485 3082 496 3124 ΙΙ
528 3085 570 3115 21
597 3082 767 3116 scholium
794 3083 841 3117 ad
865 3094 896 3116 v.
925 3086 992 3116 564
1018 3093 1082 3116 om.
1112 3081 1149 3115 F
1177 3083 1188 3125 Η
1218 3086 1262 3116 23
1290 3084 1501 3127 segregatos
1528 3082 1571 3115 H
1590 3083 1602 3126 ΙΙ
1633 3080 1810 3126 obpidum
1836 3081 1869 3114 L
1899 3082 1910 3124 ΙΙ
1942 3084 1987 3114 26
2015 3080 2093 3126 aut]

408 3129 529 3161 autem
559 3129 598 3161 H
615 3130 627 3172 ΙΙ
647 3132 688 3162 28
716 3129 881 3163 redditur
908 3129 946 3162 F
961 3130 973 3173 ΙΙ
992 3133 1035 3163 29
1062 3129 1127 3163 tris
1154 3128 1193 3162 F
1209 3129 1220 3172 ΙΙ
1241 3131 1530 3163 commemorant
1555 3128 1594 3162 F
