2204 3437
365 924 406 953 10

368 1276 408 1306 15

430 172 517 214 450
1196 168 1355 203 SERVII

432 282 555 334 ceret,
586 293 671 320 non
703 278 913 331 fallacem,
946 281 993 318 ut
1020 277 1234 319 Sinonem.
1274 291 1372 318 sane
1396 277 1638 329 quibusdam
1668 277 1825 317 videtin·
1856 277 2125 329 >incon-ornum

432 350 744 392 Achaemenidis
774 361 976 400 nusquam
1007 348 1108 389 alibi
1136 348 1291 400 factam
1322 347 1579 401 mentionem,
1610 360 1701 387 cnm
1734 359 1824 387 enni
1855 346 1919 387 liic
1949 350 1986 388 et
2015 347 2123 388 saln-

433 424 509 462 tem
540 421 680 461 merito
713 419 947 471 impetrasse
977 422 1014 459 et
1042 421 1089 459 itt
1118 419 1358 472 reciperetur
1388 431 1415 457 α
1443 417 1690 470 fnyientibns
1721 417 1841 457 dicat.

552 491 647 531 669.
697 501 759 530 AD
799 500 1001 531 SONITVM
1039 501 1173 531 VOCIS
1212 502 1425 529 remorum
1466 487 1655 528 sonitum
1686 501 1835 528 vocem
1873 486 1998 528 dixit:
2043 501 2125 529 vox

434 562 548 602 enim
581 562 645 601 est
677 574 801 601 omne
835 559 948 614 quod
981 562 1120 614 sonat,
1151 560 1212 601 sic
1245 558 1349 600 alibi
1377 558 1519 612 (556)
1545 557 1841 612 fractasque
1875 557 1934 598 ad
1966 558 2126 599 litora

432 646 598 673 voces:
640 645 740 671 nam
774 630 823 671 de
854 630 1101 672 hominibus
1134 645 1221 671 non
1254 629 1379 683 dixit,
1420 629 1518 683 quia
1550 643 1678 682 supra
1710 630 1775 669 est
1807 627 2032 683 etacitique
2064 629 2126 670 in-

433 702 570 743 cidere
602 700 781 742 funem'.
865 712 1080 743 VESTIGIA
1115 712 1279 742 TORSIT
1313 700 1419 741 bene
1451 713 1535 740 uno
1569 713 1762 740 sermone
1795 699 1997 753 ostendit,
2030 714 2125 740 eum

433 774 719 814 revertentem
750 771 836 813 iam
870 771 1039 812 audisse
1072 785 1223 811 sonum
1256 769 1438 824 remigii.

551 843 648 884 670.
698 853 921 883 DEXTRAM
952 852 1225 882 ADFECTARE
1252 840 1446 881 dextram
1471 839 1689 880 intendere
1715 843 1752 880 et
1774 841 1930 891 inicere,
1964 840 2127 882 scilicet

435 915 513 968 sic,
556 915 605 954 ut
643 915 789 967 posset
825 927 979 954 navem
1016 914 1172 966 tenere.
1241 911 1468 952 Terentius
1514 911 1572 952 ad
1617 910 1870 952 dominam
1915 911 1998 965 qui
2043 911 2127 952 ad-

432 985 632 1026 fectant
675 984 825 1037 viam,
868 983 911 1024 id
951 985 1016 1024 est
1053 982 1299 1024 intendunt:
1344 997 1445 1023 nam
1478 982 1512 1022 si
1546 981 1737 1022 ‘dextra'
1772 981 1946 1036 legeris,
1991 984 2038 1022 ut
2071 982 2128 1024 sit

434 1055 605 1096 ‘dextra
649 1053 932 1109 contingere’,
978 1052 1236 1094 ‘adfectare'
1283 1052 1572 1107 ‘contingere’
1617 1054 1733 1093 caret
1775 1053 1981 1106 exemplo.
2044 1052 2129 1094 ‘ad-

431 1124 601 1178 fectare’
634 1128 769 1166 autem
809 1125 977 1177 quidam
1017 1125 1159 1165 dietant
1197 1124 1268 1165 hoe
1307 1137 1410 1165 esse:
1448 1137 1630 1176 pronum
1671 1124 1858 1164 animuin
1895 1123 2038 1165 habere
2074 1125 2131 1165 ad

433 1197 666 1249 faciendum
697 1196 796 1248 qnid
826 1195 1189 1247 oecupandnnzqite.
1233 1195 1310 1235 alii
1343 1193 1593 1248 ‘adfectare',
1624 1195 1661 1235 si
1694 1193 1873 1235 ‘dextra'
1907 1195 2024 1247 leyas,
2048 1208 2128 1247 pro

437 1265 704 1319 ‘aclfcctandi'
735 1266 950 1317 accipiunt,
981 1268 1028 1305 ut
1057 1265 1112 1306 sit
1140 1264 1248 1305 verbi
1280 1265 1511 1317 infinitivus
1542 1265 1687 1306 modus
1712 1279 1790 1318 pro
1814 1265 2050 1317 participio.

552 1338 648 1379 671.
698 1348 788 1378 NEC
827 1346 960 1377 POTIS
1000 1335 1043 1376 id
1082 1337 1147 1376 est
1182 1349 1260 1376 nec
1296 1334 1411 1388 potis
1451 1337 1525 1376 est.
1597 1334 1752 1389 ‘potis'
1792 1338 1934 1376 autem
1972 1350 2128 1377 nomen

435 1411 500 1450 est
533 1410 576 1449 et
607 1407 844 1456 declinatur
875 1406 1007 1460 potis,
1038 1406 1165 1460 potis,
1195 1406 1300 1459 poti,
1332 1408 1490 1460 potem,
1523 1406 1650 1460 potis,
1683 1421 1708 1447 a
1738 1408 1853 1460 pote.
1898 1408 1941 1447 et
1972 1421 2129 1448 nomen

436 1494 527 1521 esse
560 1479 684 1520 docet
714 1478 824 1519 ratio
859 1476 1198 1530 conparationis3
1237 1491 1337 1517 nam
1369 1477 1413 1517 in
1445 1476 1706 1530 superlativo
1740 1475 2033 1530 ‘potissimus'
2065 1477 2126 1518 fa-

435 1551 508 1604 cit3
543 1549 610 1590 cui
644 1549 680 1589 si
711 1548 944 1589 detraxeris
966 1546 1155 1600 esimus',
1186 1547 1377 1588 invenies
1409 1547 1595 1588 nominis
1628 1547 1899 1602 positionem,
1931 1550 1979 1589 ut
1999 1546 2129 1589 ‘acer-

434 1621 569 1662 rimus
609 1619 738 1674 acer’,
784 1618 1066 1660 ‘fortissimus
1104 1617 1263 1659 fortis'.
1334 1618 1395 1659 sic
1434 1620 1578 1659 autem
1615 1620 1663 1659 ut
1701 1618 1885 1659 diximus
1924 1619 2128 1660 declinari

436 1691 673 1745 conpositio
707 1690 913 1744 ostendit,
945 1705 1044 1731 nam
1078 1689 1224 1731 <huius
1257 1689 1432 1743 impotis
1466 1690 1690 1743 compotis,
1722 1689 1927 1743 impotem
1961 1704 2128 1744 compo-

434 1761 543 1803 tem'
588 1761 712 1802 facit:
765 1761 878 1815 quod
922 1761 966 1801 in
1010 1760 1195 1814 simplici
1240 1760 1413 1801 difficile
1453 1760 1637 1814 invenis,
1680 1774 1756 1814 per
1789 1761 2131 1814 conpositionem

437 1832 635 1887 agnoscis
668 1831 847 1872 facilius.

555 1903 651 1944 672.
702 1919 910 1943 [ΝΜΕΛἪἮ
948 1916 1153 1955 πιαῃηωιωη..
1222 1905 1259 1942 ct
1297 1902 1448 1942 dietum
1488 1902 1595 1953 qnod
1632 1915 1825 1943 mensura
1866 1902 2132 1955 conprehendi

394 1984 405 1993 ⁷
443 1989 524 2015 non
549 1974 690 2027 possit.

555 2045 652 2085 673.
702 2055 965 2084 EXTERRITA
998 2055 1172 2084 TELLvs
1205 2043 1373 2097 poetica
1403 2043 1647 2097 hyperbole.

556 2115 652 2156 (574.
704 2126 866 2155 CVRVls
901 2126 1124 2155 CAVERNIS
1158 2114 1261 2155 echo
1297 2114 1409 2155 enim
1443 2114 1487 2155 in
1519 2114 1716 2155 concavis
1749 2114 1853 2155 locis
1888 2117 1962 2156 est.

536 2270 577 2299 10
603 2265 812 2311 Terentius]
841 2266 963 2301 heaut.
990 2265 1070 2299 tim.
1099 2266 1129 2298 ΙΙ
1157 2270 1188 2308 3,
1218 2269 1261 2300 60
1290 2267 1301 2310 ΙΙ
1331 2269 1372 2300 16
1400 2265 1476 2299 Nec
1502 2265 1601 2310 potis
1627 2265 1665 2300 id.
1691 2266 1748 2300 est
1773 2277 1840 2300 nec
1865 2266 1962 2310 potis
1987 2267 2057 2312 est]
2087 2267 2130 2302 cf.

438 2314 529 2348 Don.
557 2313 604 2347 ad
630 2313 710 2346 Ter.
737 2313 850 2346 Andr.
879 2313 911 2346 II
938 2318 974 2355 6,
1003 2317 1022 2347 6
1050 2313 1086 2346 et
1111 2313 1166 2347 ad.
1195 2312 1246 2346 ΙΙΙ
1275 2318 1311 2355 1,
1339 2316 1358 2346 9
1390 2314 1402 2357 ΙΙ
1435 2316 1476 2346 17
1504 2314 1541 2347 et
1566 2324 1727 2348 nomen.
1751 2342 1757 2348 .
1780 2342 1787 2348 .
1808 2313 1915 2358 facit]
1944 2313 1988 2348 cf.
2015 2313 2129 2349 Prisc.

438 2360 487 2395 VI
515 2364 556 2394 67
584 2360 599 2393 Ι
625 2372 659 2404 p.
687 2363 767 2404 251,
797 2364 836 2394 17
868 2360 907 2394 ΙΙ.
929 2361 940 2404 ΙΙ
960 2364 1004 2394 20
1032 2359 1083 2393 sic
1110 2362 1233 2394 autem
1256 2359 1494 2405 ...facilius]
1523 2360 1569 2394 cf.
1596 2360 1714 2394 Varro
1742 2360 1775 2395 d.
1802 2361 1825 2394 l.
1853 2360 1875 2394 l.
1904 2361 1934 2395 V
1961 2365 1982 2395 4

532 2505 549 2534 1
579 2500 743 2535 sinomen
769 2502 812 2534 II
838 2502 849 2546 Η
882 2500 1071 2546 Sinonem]
1099 2513 1170 2544 quo
1197 2501 1307 2535 modo
1334 2500 1490 2535 merito?
1529 2501 1700 2536 soluitur:
1728 2501 1814 2545 quia
1838 2501 2011 2546 probavit
2036 2514 2123 2537 vera

437 2559 512 2582 esse
539 2559 632 2591 quac
659 2548 801 2582 dixerat
827 2550 908 2582 add.
938 2548 1034 2582 Lion
1058 2549 1070 2592 Η
1096 2552 1114 2581 2
1142 2548 1400 2582 achemenides
1426 2549 1465 2581 F
1481 2550 1492 2593 ΙΙ
1513 2548 1612 2582 facta
1639 2548 1705 2593 Fu
1731 2553 1751 2582 4
1777 2549 1975 2593 remorum]
2004 2549 2123 2584 freno—

436 2607 517 2629 rum
543 2595 587 2628 H
607 2595 619 2638 {l
645 2600 663 2628 5
690 2596 804 2640 quod]
831 2608 941 2638 quani
969 2595 1008 2628 F
1015 2595 1044 2629 G
1067 2595 1181 2638 (quod
1207 2597 1237 2636 c)
1263 2597 1274 2639 ΙΙ
1300 2599 1319 2629 8
1346 2595 1485 2639 nauigii
1514 2596 1561 2629 M
1586 2598 1623 2639 (g
1648 2597 1802 2629 vinscribit
1828 2599 1873 2637 m)
1900 2596 1912 2639 ΙΙ
1938 2600 1957 2629 9
1985 2609 2124 2630 DEXTRA

438 2642 513 2676 FC
529 2643 540 2685 ΙΙ
561 2643 598 2675 ct
622 2641 756 2676 inicere
783 2644 861 2676 hah.
892 2643 920 2676 O
936 2643 948 2685 ss
975 2646 1017 2675 10
1043 2642 1160 2686 possit
1187 2642 1262 2675 FC
1277 2643 1288 2686 ΙΙ
1309 2642 1474 2676 dominas
1506 2642 1690 2676 Terentius
1708 2643 1720 2686 Η
1740 2643 1826 2686 quia
1855 2642 1911 2687 011
1933 2647 1971 2677 11
2001 2643 2031 2677 si
2057 2654 2122 2678 om.

440 2689 495 2732 011
516 2690 546 2722 si
572 2689 701 2722 dextra
726 2689 938 2732 contingere
965 2688 1097 2732 legeris
1126 2689 1236 2722 [ΗΕΖ
1255 2690 1266 2733 ΙΙ
1292 2689 1353 2734 sit]
1382 2689 1411 2722 si
1438 2690 1481 2722 H
1496 2690 1507 2733 ΙΙ
1535 2693 1574 2723 12
1603 2688 1789 2724 adfectare
1816 2690 2031 2733 contingere
2059 2701 2125 2724 om.

438 2736 513 2769 1⁸0
528 2737 539 2780 ΙΙ
559 2737 607 2770 act
632 2735 818 2770 adfectare
844 2747 941 2779 supr.
972 2747 1055 2770 vers.
1084 2736 1255 2770 affectare
1282 2748 1347 2779 pro
1374 2736 1572 2770 affectandi
1597 2736 1636 2770 id
1662 2738 1718 2771 est
1743 2736 1992 2781 contingendi.
2035 2736 2123 2782 legi-

437 2785 496 2816 tur
531 2785 569 2817 et
603 2783 733 2816 dextra
764 2786 794 2816 et
826 2783 975 2826 quidam
1006 2782 1176 2816 affectare
1209 2783 1432 2827 intellegunt
1462 2794 1619 2827 pronum
1653 2783 1817 2818 animum
1844 2784 1891 2818 ad
1916 2783 2128 2818 faciendum

438 2830 584 2864 habore.
625 2829 655 2863 si
686 2829 814 2863 dextra
841 2829 972 2873 legeris
999 2829 1169 2863 affectam.¹
1197 2841 1261 2873 pro
1289 2830 1485 2864 affectandi
1512 2830 1687 2875 intellege
1713 2830 1897 2864 infinitum
1922 2842 1989 2874 pro
2015 2831 2146 2875 partis

439 2876 535 2921 cipio
566 2877 598 2910 T
626 2877 638 2920 ss
671 2881 713 2910 14
740 2877 826 2920 quid
853 2876 1007 2910 Dcmz‘el:
1033 2876 1131 2919 quod
1160 2876 1197 2909 ff
1219 2878 1230 2919 ΙΙ
1262 2877 1448 2911 adfectare
1476 2877 1505 2911 si
1532 2877 1660 2911 dextra
1685 2878 1788 2921 legas
1817 2878 2039 2911 Blasvieins:
2065 2877 2128 2911 ad-

440 2923 560 2958 faccre
594 2923 623 2957 si
655 2923 802 2957 dextras
834 2924 937 2968 legas
965 2923 1003 2956 F
1050 2923 1235 2957 adfectare
1269 2924 1297 2957 si
1330 2924 1474 2958 dextras
1507 2924 1607 2968 legas
1633 2925 1769 2958 Daniel
1800 2927 1831 2958 et
1858 2924 2121 2969 Commelinus}

442 2974 483 3004 15
511 2969 713 3004 infinitivus
748 2971 876 3005 modus
907 2971 1056 3013 scripsi:
1090 2969 1263 3004 infinitiui
1289 2971 1397 3005 modo
1426 2971 1465 3004 F
1499 2972 1510 3015 ΙΙ
1549 2976 1590 3005 16
1618 2972 1769 3005 alterum
1800 2970 1897 3014 potis
1924 2982 1988 3006 om.
2018 2971 2094 3004 FL
2118 2974 2121 3014 l

445 3020 486 3050 18
513 3017 566 3061 in]
595 3018 632 3051 ct
656 3017 693 3050 in
720 3017 753 3050 L
786 3019 797 3061 Η
832 3022 870 3051 19
899 3017 974 3062 cui]
1001 3017 1086 3051 huic
1112 3017 1170 3050 eui
1197 3017 1236 3050 F
1270 3017 1353 3051 huic
1379 3020 1419 3052 tu
1449 3018 1478 3052 O
1501 3020 1512 3062 Η
1538 3018 1666 3063 simus]
1693 3029 1772 3051 mus
1799 3017 1900 3061 FCH
1926 3021 1970 3051 20
1996 3019 2038 3052 ut
2061 3028 2127 3052 om.
2188 3035 2191 3038 ·

444 3064 513 3095 (JL
541 3065 636 3106 (add.
667 3065 690 3106 l)
721 3065 732 3108 ΙΙ
765 3070 805 3098 21
837 3064 1033 3109 compotis]
1061 3064 1150 3098 facit
1176 3065 1258 3097 add.
1288 3064 1344 3098 Fz
1368 3067 1380 3108 Η
1411 3066 1459 3099 (ul
1483 3065 1688 3099 inmensum
1714 3075 1813 3107 supr.
1839 3075 1925 3099 vers.
1952 3076 2127 3109 magnum

443 3109 506 3153 qui
535 3122 738 3145 mensuram
767 3111 902 3145 habore
929 3122 1000 3145 non
1025 3110 1143 3156 possit
1173 3111 1202 3144 T
1220 3112 1231 3155 ΙΙ
1249 3111 1423 3155 yperbolc
1451 3113 1536 3146 libri
1554 3113 1565 3156 Η
1585 3112 1702 3146 echon
1730 3111 1804 3146 FC
