2204 3437
400 154 456 195 62
1167 154 1323 190 SERVII

399 262 441 303 id
479 264 543 303 est
581 276 727 304 cursus
770 262 990 316 fluctuum,
1034 258 1118 303 ἀπὸ
1157 262 1236 304 τοῦ
1273 261 1398 303 θέειν
1435 258 1483 302 τὸ
1523 262 1651 316 κῦμα.
1778 275 1953 305 TRITON
1992 263 2094 305 deus

400 333 608 388 marinus,
645 332 836 387 Neptuni
876 335 918 374 et
958 332 1151 374 Salaciae
1189 332 1322 387 filius,
1367 332 1469 373 deae
1514 333 1705 374 marinae
1744 334 1798 376 ab
1836 349 1946 389 aqua
1983 336 2096 377 salsa

401 404 551 445 dictae.
672 414 872 444 ADNIXVS
913 404 1135 458 antiquum
1174 406 1256 458 est,
1293 405 1342 444 ut
1380 402 1612 458 ‘conixus'7
1654 404 1808 458 quibus
1846 405 1971 446 hodie
2009 420 2096 448 non

399 475 577 529 utimur3
622 474 802 515 dicimus
847 474 959 515 enim
1004 474 1220 516 ‘adnisus’
1259 478 1301 515 et
1339 473 1566 515 ‘conisus'.
1635 475 1708 516 sed
1746 477 1788 516 et
1831 476 1969 517 multa
2012 477 2096 519 alia

352 554 371 584 5
400 561 500 587 usus
534 547 682 586 contra
715 544 1017 598 antiquitatem
1049 545 1293 588 vindicavit.
1349 545 1411 586 illi
1438 544 1551 585 enim
1578 543 1735 598 ‘parsi’
1767 546 1985 601 dicebant,
2016 562 2094 589 nos

401 616 579 657 dicimus
607 615 822 669 epeperei’.
871 616 975 658 item
994 631 1073 658 nos
1100 617 1278 658 dicimus
1305 615 1527 670 ‘suscep-11²,
1559 615 1626 656 illi
1646 616 1846 658 dicebant
1873 616 2095 673 ‘succepi'7

399 690 448 728 ut
492 686 822 740 succepitque
865 687 1035 741 ignem
1080 688 1238 729 foliis.
1369 704 1545 729 ADNIXI'S
1579 701 1746 741 eeuyma
1788 692 1861 743 est,
1906 688 2094 731 ‘adnixi'

398 758 506 798 euim
543 757 679 799 debuit
719 757 866 808 (licere,
909 762 956 799 ut
986 759 1115 812 paulo
1150 762 1246 812 post
1287 758 1417 799 haud
1463 759 1613 800 aliter
1654 773 1934 813 puppesque
1985 763 2096 802 tuae

391 828 638 882 pubesque
669 831 878 880 tuorum,
910 833 996 870 aut
1017 833 1215 883 portum
1248 833 1384 871 tenet.
1433 844 1523 884 erqo
1555 829 1775 872 ‘adnixus'
1807 831 1863 872 ad
1888 831 2096 873 Tritonem

331 908 373 938 10
401 902 559 940 tautum
582 900 774 953 pertinet,
805 900 904 952 quia
929 899 1173 953 (fflnoffloen
1203 900 1379 941 iuvabat.
1428 901 1669 953 qmbusdam
1699 915 1797 942 saue
1826 915 1910 943 nou
1939 903 2096 944 videtur

328 1263 369 1293 15

396 984 578 1024 zeufflna,
604 971 703 1023 quia
729 969 960 1025 ‘minuans-²,
985 985 1067 1012 uon
1094 970 1315 1013 ‘conixus'.
1366 973 1461 1013 ordo
1482 975 1615 1013 tamen
1634 976 1693 1013 est
1711 971 1947 1026 ‘Cymothoe
1971 974 2095 1016 simul

396 1044 434 1082 et
466 1041 610 1082 Triton
640 1044 756 1082 acuto
788 1042 1007 1083 detrudunt
1035 1055 1157 1083 naves
1187 1040 1380 1095 seopulo’,
1416 1042 1466 1083 ab
1497 1044 1585 1084 aris
1615 1043 1765 1085 scilieet
1794 1044 1839 1085 iu
1869 1057 1970 1096 quas
2002 1045 2095 1086 tris

397 1111 556 1153 Notus
585 1113 637 1153 iu
667 1126 698 1153 s.
731 1113 755 1153 l.
788 1115 813 1153 t.

519 1183 611 1224 145.
661 1194 816 1224 LEVAT
848 1183 964 1224 leves
997 1197 1046 1224 ac
1070 1183 1337 1237 navigabiles
1368 1183 1492 1239 facit,
1523 1186 1573 1225 ut
1597 1187 1929 1240 nostrumque
1955 1186 2092 1229 leves

398 1268 744 1308 quaecumque
783 1254 1024 1296 laborem.
1087 1257 1129 1295 et
1161 1254 1267 1295 scire
1299 1254 1501 1296 debemus
1539 1255 1770 1309 prudenter
1807 1259 1979 1310 poetam
2017 1273 2092 1311 pro

397 1324 535 1365 causis
568 1325 637 1365 vel
669 1325 841 1366 tendere
873 1325 941 1365 vel
973 1324 1184 1378 corripere
1217 1324 1473 1380 orationem,
1513 1329 1562 1367 ut
1598 1326 1680 1367 hoc
1719 1326 1811 1368 loco
1849 1328 2094 1381 periclitan-

394 1394 510 1435 tibus
532 1394 728 1437 Troianis
754 1398 848 1437 tota
875 1394 1094 1435 celeritate
1122 1394 1226 1436 dicit
1256 1408 1348 1436 esse
1381 1396 1647 1438 subventum.
1697 1398 1847 1438 contra
1872 1398 1917 1439 in
1943 1399 2092 1453 quinto

394 1465 507 1508 libro
558 1466 631 1507 ubi
673 1467 840 1507 nullum
883 1465 1121 1519 periculum
1161 1467 1225 1506 est
1265 1464 1396 1506 latius
1436 1466 1641 1508 describit
1677 1467 1920 1521 placantem
1958 1471 2094 1512 maria

394 1535 655 1591 Neptunum.
717 1537 821 1578 item
853 1536 898 1577 in
931 1535 1113 1578 secundo
1149 1535 1261 1578 libro
1295 1536 1497 1590 quoniam
1528 1537 1710 1579 inminet
1740 1538 1976 1592 periculum
2008 1555 2092 1582 uno

395 1622 518 1649 versu
563 1609 624 1649 ait
669 1623 762 1663 quo
812 1622 892 1649 res
943 1622 1134 1649 summa
1183 1606 1295 1648 loco
1328 1606 1558 1649 Panthu?
1610 1624 1755 1664 quam
1797 1611 2092 1664 prendimus

394 1680 590 1720 arcem?
718 1677 887 1721 ssLEVAT
927 1679 1058 1729 laxat,
1102 1681 1148 1719 uz}
1195 1681 1338 1731 atque
1386 1682 1498 1720 arta
1547 1680 1704 1721 levari
1752 1681 1916 1723 vinela
1964 1683 2095 1724 iubet

393 1749 636 1790 Priamus.
759 1766 943 1792 TRIDENTI
971 1752 1106 1790 autem
1129 1762 1208 1801 pro
1242 1749 1427 1800 tridente,
1459 1750 1643 1791 dativum
1666 1765 1746 1804 pro
1778 1752 1966 1794 ablativo.

488 1893 507 1923 7
534 1889 786 1935 succepitque]
821 1890 863 1924 A.
891 1890 905 1923 I
935 1893 999 1923 175
1038 1891 1049 1934 ΙΙ
1086 1892 1106 1923 8
1133 1889 1232 1924 haud
1259 1889 1382 1934 aliter]
1418 1890 1460 1923 A.
1488 1889 1504 1922 Ι
1530 1894 1597 1924 399
1635 1891 1646 1933 ΙΙ
1684 1894 1726 1925 12
1754 1891 1837 1936 tris]
1875 1893 1917 1926 A.
1946 1894 1962 1927 I
1989 1897 2055 1928 108
2081 1895 2093 1941 Η

396 1940 437 1969 14
463 1936 719 1982 nostrumque]
746 1937 789 1972 A.
816 1937 831 1970 Ι
859 1940 926 1970 330
952 1938 963 1981 ΙΙ
989 1941 1033 1971 20
1060 1948 1131 1980 quo
1158 1936 1231 1982 res]
1259 1937 1300 1970 A.
1327 1937 1361 1970 Π
1388 1940 1455 1971 322
1480 1938 1492 1981 ΙΙ
1518 1941 1560 1971 21
1589 1937 1718 1983 atque]
1746 1939 1788 1973 A.
1815 1939 1848 1973 II
1876 1944 1942 1974 146

489 2070 506 2100 1
541 2077 612 2101 ἆΠΟ
645 2080 711 2100 ΤΟΥ
745 2080 839 2101 OICIN
872 2080 914 2100 TO
947 2077 1031 2100 KINEt
1058 2065 1093 2099 B
1137 2077 1206 2099 anO
1233 2079 1300 2099 'roY
1326 2078 1432 2100 OEoln
1457 2078 1622 2101 TOICYma
1647 2067 1689 2101 Is
1729 2078 1800 2103 ἃΠΟ
1826 2082 1893 2103 TOY
1921 2082 2021 2104 OECIN
2048 2084 2090 2105 ΤΟ

392 2126 480 2147 mim
508 2114 538 2148 0
573 2124 645 2147 auo
666 2126 732 2147 Tor
752 2124 827 2147 eom
848 2126 890 2147 To
910 2125 999 2147 mim
1024 2113 1057 2146 L
1096 2124 1167 2147 0110
1195 2126 1259 2146 Tor
1288 2126 1367 2147 Acin
1393 2127 1436 2147 To
1462 2127 1557 2147 nrm
1578 2114 1621 2147 H
1654 2126 1722 2149 ano
1744 2127 1811 2148 ‘ror
1833 2129 1912 2150 eom
1932 2130 1975 2151 To
1995 2131 2091 2152 KYMA

394 2161 442 2194 M
459 2163 470 2205 Η
496 2165 515 2195 2
541 2160 653 2195 maris
675 2160 711 2193 B
730 2162 741 2204 ΙΙ
760 2159 930 2194 3011013100
951 2161 983 2194 L
1021 2159 1194 2194 sallaciae
1215 2160 1259 2193 H
1273 2161 1284 2203 ΙΙ
1303 2160 1413 2194 maris
1433 2160 1490 2195 ΒΖ
1515 2163 1527 2205 11
1555 2166 1574 2195 3
1596 2174 1744 2196 Axmxvs
1764 2161 1842 2195 BL
1879 2163 2043 2207 (Anmxvs
2064 2166 2090 2209 I)

391 2208 401 2253 Ι]
430 2207 612 2252 quonixus
639 2208 680 2240 K
695 2208 707 2251 Η
727 2212 746 2241 6
774 2208 936 2252 pepertis
963 2207 981 2242 e
1008 2207 1051 2240 K
1081 2207 1229 2251 peperci
1251 2207 1295 2240 (3³
1320 2208 1359 2240 in
1379 2218 1450 2242 ras.
1471 2208 1607 2254 1111001]
1637 2210 1674 2243 et
1697 2208 1733 2242 B
1752 2210 1764 2253 ΙΙ
1782 2209 1873 2244 item
1899 2240 1905 2246 .
1927 2239 1934 2245 .
1957 2239 1963 2245 .
1991 2211 2090 2246 foliis

391 2266 457 2289 om.
485 2255 554 2299 ΚΙΙ
579 2254 735 2289 dicimus
762 2265 827 2289 om.
853 2254 889 2287 B
914 2256 926 2299 Η
952 2254 1125 2288 dicebant
1150 2265 1215 2289 om.
1242 2253 1277 2286 B
1302 2255 1314 2298 ΙΙ
1340 2255 1485 2299 suscepi
1510 2255 1593 2289 LH
1615 2256 1778 2300 (succepi
1804 2257 1828 2299 Z)
1854 2258 1866 2301 Η
1895 2262 1913 2291 7
1940 2259 1983 2292 ut
2009 2287 2015 2293 .
2046 2288 2053 2294 .
2082 2289 2088 2294 .

391 2302 490 2336 foliis
516 2312 581 2337 om..
597 2301 632 2335 B
651 2303 663 2346 Η
683 2302 916 2346 suscepitque
936 2301 1021 2334 LH
1042 2300 1292 2345 (succepitque
1313 2302 1337 2344 l)
1357 2302 1368 2345 ΙΙ
1388 2302 1426 2335 et
1450 2315 1601 2337 Anxixvs
1624 2303 1654 2337 C
1670 2305 1681 2347 ΙΙ
1706 2306 1727 2337 8
1747 2307 1833 2347 post
1858 2304 1956 2339 enim
1981 2307 2090 2341 uude-

391 2350 459 2384 cim
484 2350 557 2392 fere
583 2350 722 2383 litterae
747 2359 869 2383 erasae
893 2352 978 2382 suut
1003 2349 1044 2382 iu
1071 2348 1100 2382 0
1122 2349 1133 2392 Η
1158 2348 1250 2382 haut
1277 2348 1307 2382 0
1314 2348 1351 2381 Ρ
1374 2350 1385 2392 ΙΙ
1411 2360 1625 2394 puppesque
1651 2350 1738 2385 tuae
1763 2361 1829 2386 om.
1860 2351 1895 2384 P
1917 2353 1929 2396 Η
1959 2356 2001 2386 10
2027 2354 2091 2397 qui

392 2397 613 2440 cymethoen
638 2396 742 2430 iuuat
764 2396 800 2429 P
816 2397 827 2440 ΙΙ
847 2395 1072 2440 chymothen
1099 2396 1128 2429 0
1145 2397 1156 2439 Η
1181 2394 1403 2438 quibusdam
1429 2397 1532 2441 sane]
1561 2396 1644 2431 aliis
1666 2398 1702 2431 P
1724 2399 1736 2442 Η
1763 2401 1803 2431 11
1832 2410 1986 2444 zeugma
2013 2411 2090 2435 esse

391 2444 489 2487 quod
513 2443 549 2476 1²
565 2445 577 2487 ΙΙ
597 2443 796 2487 chymothe
819 2443 848 2477 0
872 2443 1091 2486 ehymothae
1105 2442 1157 2476 {1²
1176 2443 1188 2486 ΙΙ
1210 2446 1252 2475 14
1279 2443 1327 2477 acl
1346 2454 1375 2476 v.
1400 2447 1465 2477 145
1486 2447 1518 2477 et
1540 2448 1605 2478 146
1631 2444 1765 2489 Leuat]
1792 2445 1893 2480 leues
1920 2457 1962 2480 ac
1986 2447 2090 2481 naui—

391 2490 533 2534 gabiles
566 2490 658 2525 facit
689 2519 697 2526 .
725 2519 731 2525 .
762 2517 768 2524 .
801 2490 977 2524 laborem.
1028 2489 1093 2523 alii
1127 2489 1269 2523 ‘leuat’
1304 2489 1422 2533 laxat,
1460 2492 1502 2524 ut
1536 2491 1668 2534 ‘atque
1705 2492 1788 2526 arta
1818 2492 1935 2526 leuari
1966 2493 2090 2529 uincla

391 2537 494 2572 iubet
516 2537 714 2571 Priamus⁷.
757 2537 903 2582 Aperit]
931 2536 1101 2571 ostendit.
1148 2536 1362 2581 Temperat]
1392 2538 1611 2581 tranquillat
1636 2539 1792 2574 serenat.
1816 2539 1852 2572 P
1868 2541 1880 2583 ΙΙ
1901 2543 1942 2574 15
1963 2552 2088 2584 quem—

392 2596 547 2628 cumque
582 2583 683 2618 MG³
713 2585 724 2629 ΙΙ
762 2584 937 2618 laborem.
988 2583 1063 2617 alib
1097 2582 1199 2626 (alibi
1228 2582 1285 2625 0²)
1330 2584 1432 2618 leuat
1464 2587 1502 2628 (u
1528 2584 1574 2619 02
1598 2586 1639 2619 iu
1665 2587 1750 2629 ras.)
1794 2585 1897 2620 laxat
1929 2613 1935 2619 .
1963 2616 1970 2623 .
1998 2614 2005 2620 .
2040 2588 2088 2622 ad

391 2631 642 2676 nauigandum
663 2632 778 2665 erant.
825 2632 987 2665 ceterum
1012 2630 1069 2664 bis
1095 2630 1205 2664 idem.
1244 2641 1330 2674 ergo
1350 2631 1501 2666 inmisso
1530 2660 1537 2666 .
1558 2660 1565 2667 .
1588 2659 1595 2666 .
1621 2633 1853 2677 patefactum
1872 2634 1937 2668 est.
1982 2635 2086 2669 Tem-

390 2680 497 2723 perat
522 2678 764 2722 tranquillum
796 2677 897 2712 facit.
947 2678 1068 2721 Atque
1101 2677 1189 2712 rotis
1222 2689 1382 2712 summas
1408 2679 1431 2714 1.
1458 2691 1493 2723 p.
1520 2679 1543 2714 1.
1570 2691 1604 2713 0.
1643 2679 1735 2714 bene
1760 2691 1835 2714 non
1859 2682 2025 2716 moratur
2049 2681 2088 2716 in

391 2726 639 2770 descriptione
665 2726 721 2769 (pt
746 2726 787 2759 iu
812 2736 882 2759 ras.
905 2724 963 2768 0²)
991 2736 1115 2759 currus
1142 2725 1182 2758 ut
1208 2723 1315 2758 cit-ius
1340 2725 1519 2760 liberetur
1543 2727 1697 2761 Aeneas.
1743 2728 1783 2761 at
1808 2728 1838 2772 (t
1863 2729 1903 2762 iu
1928 2739 1999 2763 ras.
2028 2728 2087 2773 0²)

394 2773 431 2807 in
457 2773 586 2817 quinto
613 2772 677 2807 ubi
701 2772 845 2806 nullum
871 2771 1076 2816 perieulum
1098 2772 1153 2805 est
1171 2771 1316 2815 plenius
1344 2773 1381 2805 et
1405 2773 1517 2807 latius
1538 2773 1713 2808 describit
1737 2774 1951 2818 placantem
1970 2775 2088 2810 maria

390 2844 604 2889 neptunum.
657 2843 708 2878 sie
735 2843 847 2878 etiam
873 2843 911 2876 in
938 2842 1166 2877 orationibus
1192 2842 1283 2876 facit
1309 2854 1400 2885 quas
1429 2854 1492 2887 pro
1521 2843 1638 2878 causis
1665 2844 1830 2878 extendit
1854 2845 1915 2879 uel
1941 2846 2086 2880 contra-

390 2891 456 2925 hit.
508 2893 549 2925 ut
580 2891 619 2925 in
652 2890 810 2925 secundo
843 2890 938 2925 libro
971 2889 1145 2933 quoniam
1177 2889 1347 2923 imminet
1378 2890 1582 2933 periculum
1613 2902 1685 2925 uno
1718 2902 1826 2925 uersu
1852 2892 1907 2926 ait
1932 2903 2003 2936 quo
2028 2904 2086 2927 res

390 2950 532 2973 summa
557 2938 638 2973 loeo
658 2938 815 2984 ps'ffantu
835 2937 991 2982 (pha-utu
1011 2937 1096 2980 suit)
1124 2947 1235 2980 quam
1261 2937 1472 2980 prendimus
1499 2937 1712 2982 prendimus
1731 2949 1855 2972 arcem
1876 2937 1913 2973 0.
1945 2940 2086 2974 citandi

389 3010 491 3053 siquo
516 3020 624 3052 super
651 3008 741 3043 alibi
762 3008 881 3052 posito
907 3007 997 3042 scire
1025 3007 1199 3041 debemus
1227 3035 1232 3041 .
1257 3035 1262 3040 .
1287 3034 1293 3040 .
1321 3018 1399 3041 0330
1426 3007 1646 3042 subuentum
1673 3009 1802 3042 contra
1823 3009 1865 3042 iu
1883 3019 1994 3053 maro.
2016 3009 2084 3051 inf.

391 3057 583 3099 adscripsit
611 3055 685 3100 0³11
706 3060 750 3091 16
775 3056 817 3089 ut
842 3056 912 3090 hoe
938 3055 1020 3090 1000
1048 3082 1054 3088 .
1083 3082 1089 3089 .
1118 3084 1125 3090 .
1153 3065 1275 3089 arcem
1302 3064 1366 3088 om.
1393 3054 1428 3087 B
1447 3056 1459 3098 Η
1481 3059 1521 3089 17
1549 3056 1677 3089 contra
1702 3065 1766 3089 om.
1792 3055 1836 3089 K
1850 3057 1862 3100 ΙΙ
1883 3059 1925 3090 18
1952 3055 2085 3090 (103011-

389 3103 464 3148 psit
488 3103 529 3136 K
545 3104 557 3147 Η
576 3113 675 3136 mare
702 3103 734 3135 L
760 3102 890 3146 (maria
917 3103 972 3147 1111
993 3106 1034 3137 19
1061 3101 1267 3146 periculum
1293 3111 1359 3135 om.
1385 3101 1428 3134 K
