2204 3437
821 193 1106 228 PRAEFATIO.
1727 194 1805 228 XCI

118 303 162 343 in
193 317 237 343 re
269 317 322 343 ne
354 302 455 344 illud
498 302 669 356 quidem
701 301 1013 356 neglegendum
1048 303 1112 341 est
1144 300 1253 354 quod
1287 300 1489 341 Aeneidis
1522 302 1731 354 praefatio
1765 306 1807 343 et

117 373 169 414 ad
201 388 237 414 v.
272 373 383 414 1-3
417 373 747 414 commentarius
779 373 823 413 in
855 374 1036 425 utroque
1068 371 1178 412 libro
1212 370 1376 411 desunt.

233 443 426 497 Denique
465 443 569 484 duos
616 442 1061 496 Guelferbytanos
1106 441 1271 483 codices
1311 456 1615 496 commemoro,
1654 443 1806 495 quibus

118 513 466 555 Albertus⁸Lion
498 513 551 555 ad
584 528 705 554 suum
740 511 876 554 Servii
915 512 1132 566 exemplar
1171 512 1481 566 adornandum,
1521 515 1609 553 tum
1650 512 1806 554 Bodius

118 584 170 625 ad
196 584 611 638 mythographorum
644 583 773 624 verba
805 582 1068 624 emendanda
1099 596 1200 623 usus
1234 585 1309 623 est.
1366 583 1502 637 prior,
1536 581 1597 636 (7,
1634 584 1698 624 10.
1731 599 1808 624 ms.

117 655 227 709 Aug.
267 653 370 710 815)
409 657 456 695 ut
493 655 619 696 Bodii
659 654 797 695 verbis
835 656 950 708 utar,
999 655 1064 694 est
1103 652 1491 706 “membranaceum
1539 653 1678 695 forma
1722 670 1807 695 ma-

116 726 249 779 xima,
283 740 389 767 saec.
428 725 594 780 XHNJ,
631 725 747 766 foliis
788 725 871 766 152
904 739 1099 766 versuum
1141 724 1196 764 52
1236 723 1397 777 duplici
1436 723 1584 764 ordine
1625 725 1807 780 singulis

116 796 286 851 paginis
327 795 668 849 splendidissime
708 798 990 836 exaratorum.
1055 794 1199 835 deficit
1236 795 1280 834 in
1320 794 1458 834 verbis
1498 794 1551 834 ad
1591 795 1694 837 Aen.
1727 795 1808 835 XII

120 867 202 906 164
234 867 293 907 ita
330 867 505 907 dicemus
542 879 649 907 unas
687 866 800 918 bayas
838 864 977 907 unas'.
1034 865 1331 920 georgicorum
1371 867 1677 907 commentario
1711 867 1809 907 Phi-

116 937 292 990 largyrii
330 951 437 991 quae
475 937 670 978 feruntur
717 936 878 977 scholia
924 936 1123 977 adiuncta
1162 938 1260 976 sunt
1299 934 1371 991 (cf.
1411 951 1517 977 mus.
1555 936 1691 978 Rhen.
1729 937 1809 978 XV

117 1022 155 1061 p.
192 1007 306 1062 135).
364 1008 409 1048 in
441 1007 644 1048 Aeneidis
678 1007 986 1049 commentario
1021 1021 1128 1062 quae
1161 1007 1286 1047 huius
1320 1006 1477 1048 codicis
1510 1008 1685 1061 propria
1712 1012 1811 1049 sunt

117 1092 263 1118 eorum
295 1092 382 1118 non
413 1078 548 1131 nulla,
582 1078 853 1132 quaestiones
886 1078 1152 1131 plerumque,
1185 1092 1234 1117 ex
1269 1075 1543 1132 Gottingensi
1576 1079 1811 1133 exemplari

116 1149 158 1188 in
193 1148 513 1190 adnotationem
547 1148 738 1196 criticam
778 1147 1042 1201 transcripsi.
1101 1147 1210 1188 alter
1244 1146 1605 1201 Guelferbytanus
1641 1147 1727 1203 (44,
1755 1150 1810 1189 23

117 1234 193 1260 ms.
225 1219 336 1274 Aug.
369 1218 471 1274 816)
505 1218 753 1259 chartaceus
787 1221 851 1259 est
890 1233 996 1259 saec.
1029 1216 1128 1271 XV,
1165 1217 1303 1258 forma
1335 1218 1536 1271 maxima,
1568 1218 1682 1260 foliis
1715 1219 1811 1261 257.

116 1289 254 1330 tribus
296 1289 412 1330 foliis
455 1289 685 1343 postremis
727 1288 889 1330 Bodius
930 1288 1065 1329 vitam
1104 1287 1290 1342 Vergilii
1332 1289 1541 1329 contineri
1583 1289 1706 1331 docet
1743 1290 1809 1331 his

115 1360 256 1401 verbis
289 1359 555 1402 desinentem
590 1360 731 1401 multis
762 1359 942 1400 versibus
975 1359 1242 1400 admimnws.
1365 1410 1371 1415 „

234 1431 388 1472 Restat
430 1434 478 1472 ut
517 1431 566 1472 de
610 1431 698 1472 illis
739 1429 935 1471 Serviani
980 1430 1277 1471 commentarii
1322 1431 1630 1485 supplementis
1675 1428 2023 1490 dieamlssgggalgssn

117 1516 222 1556 quae
254 1503 400 1556 paucis
434 1500 663 1556 exceptis2)
697 1502 780 1542 nisi
819 1501 863 1542 in
904 1501 1120 1542 codicibus
1160 1500 1414 1554 quibusdam
1455 1503 1624 1544 saeculo
1663 1504 1810 1556 quinto
1827 1501 2012 1562 8³¹³1³t¹i2¹f¹⁰¹¹‘

117 1573 280 1614 decimo
319 1574 364 1614 in
401 1572 532 1614 Italia
574 1573 744 1626 scriptis
783 1586 870 1613 non
907 1572 1192 1612 inveniuntur.
1254 1572 1353 1613 libri
1392 1575 1532 1613 autem
1577 1588 1681 1628 quos
1721 1575 1811 1616 eius

118 1645 286 1698 generis
321 1659 412 1685 esse
440 1644 620 1699 cognovi
646 1643 692 1684 hi
725 1645 840 1684 sunt:
878 1642 1224 1684 Bononiensis
1267 1643 1554 1685 bibliothecae
1595 1644 1633 1686 S.
1669 1643 1811 1686 Salva-

119 1715 226 1756 toris
259 1715 315 1756 90
348 1715 481 1756 chart.
520 1715 594 1756 fol.
634 1712 705 1770 (cf.
744 1729 847 1755 mus.
881 1713 1016 1755 Rhen.
1049 1713 1152 1754 XIV
1190 1728 1229 1767 p.
1263 1714 1386 1769 548)3
1429 1714 1810 1758 Ottobonianus

120 1785 233 1826 1290
265 1785 398 1827 chart.
429 1785 520 1839 fol.;
553 1785 867 1826 Dresdensis
900 1784 1188 1826 bibliothecae
1221 1785 1363 1839 regiae
1389 1783 1439 1826 D.
1470 1786 1552 1827 136
1580 1787 1712 1828 chart.
1739 1787 1811 1828 fol.

118 1855 188 1911 (cf.
219 1855 356 1897 Ebert
389 1855 539 1898 Gesch.
572 1872 611 1897 u.
640 1855 889 1896 Beschreib.
923 1855 995 1896 der
1026 1855 1124 1896 ken.
1157 1854 1361 1896 Biblioth.
1394 1872 1444 1896 zu
1476 1855 1624 1898 Dresd.
1655 1873 1693 1911 p.
1727 1859 1805 1899 271

119 1929 160 1967 et
191 1926 383 1982 Wagner
423 1927 467 1967 in
499 1927 816 1968 Zimmermann
849 1926 1017 1981 allgem.
1058 1924 1283 1967 Schnlzeit.
1327 1927 1439 1968 1830
1470 1942 1510 1968 11.
1543 1926 1634 1983 24);
1673 1929 1811 1969 Pari-

118 1997 260 2038 sinus
296 1998 408 2039 7965
441 1998 573 2039 chart.
606 1998 679 2039 fol.
717 1997 785 2053 (cf.
818 2012 923 2039 mus,
957 1996 1090 2037 Rhen.
1111 1996 1213 2037 XIV
1235 2011 1273 2050 p.
1296 1997 1379 2038 548
1415 2000 1456 2038 et
1482 1998 1668 2039 Thomas
1702 2000 1812 2040 essai

118 2083 156 2121 p.
189 2067 400 2124 26-30);
433 2068 701 2110 Parisinus
744 2069 883 2110 16237
925 2067 1046 2115 (fond
1078 2067 1128 2108 de
1160 2067 1201 2108 la
1241 2066 1461 2109 Sorbonne
1494 2068 1597 2124 513)
1637 2070 1813 2111 membr.

118 2138 208 2191 fol.;
240 2138 507 2180 Parisinus
542 2139 826 2180 bibliothecae
861 2137 899 2180 S.
922 2137 1163 2179 Genofevae
1197 2138 1236 2178 Y
1263 2138 1300 2179 b.
1331 2139 1351 2178 1
1387 2140 1562 2181 membr.
1596 2140 1686 2193 fol.;
1720 2141 1812 2182 Pa-

118 2208 315 2250 risinus
346 2209 543 2251 biblioth.
586 2210 636 2251 de
669 2209 869 2251 l’arsenal
903 2209 986 2250 899
1019 2209 1195 2250 membr.
1228 2208 1318 2262 f0].;
1351 2209 1617 2252 Parisinus
1658 2211 1814 2252 biblio-

118 2279 270 2321 thecae
302 2279 618 2322 Mazarinianae
650 2280 694 2322 L.
728 2281 785 2321 24
812 2279 987 2321 membr.
1027 2279 1100 2321 fol.
1134 2294 1183 2320 ex
1214 2279 1339 2320 huius
1373 2282 1542 2335 generis
1576 2282 1696 2323 libris
1730 2282 1812 2323 duo

120 2350 221 2391 anni
255 2351 367 2392 1470
400 2353 474 2392 aut
507 2352 640 2406 1471,
672 2354 720 2392 ut
751 2353 947 2405 putatur,
987 2350 1251 2404 exemplaria
1282 2351 1511 2406 fluxerunt,
1544 2367 1725 2406 quorum
1758 2353 1813 2393 al·

119 2424 258 2462 terum
279 2419 615 2476 Christophorus
637 2421 865 2463 Valdarfer
885 2420 1213 2462 Ratisbonensis
1235 2421 1446 2476 Venetiis7
1479 2423 1659 2464 alterum
1688 2422 1812 2464 Vdal-

120 2492 233 2533 ricus
273 2491 420 2533 Gallus
459 2492 621 2534 Romae
659 2491 989 2547 imprimendum
1029 2492 1204 2533 curavit.
1261 2492 1312 2533 cf.
1351 2493 1537 2534 Thomas
1576 2509 1614 2547 p.
1648 2494 1732 2534 333
1772 2496 1813 2534 et

121 2561 270 2617 Heyne
304 2563 402 2604 edit.
434 2563 599 2618 Vergil.
633 2563 794 2604 elench.
831 2565 935 2604 tom.
967 2562 1030 2604 IV
1062 2578 1102 2617 p.
1136 2563 1220 2603 642
1254 2578 1343 2618 sqq.
1382 2564 1442 2605 ed.
1473 2563 1547 2605 IV.
1602 2564 1714 2604 inter
1742 2578 1811 2604 eos

123 2633 196 2687 qui
242 2634 410 2676 saeculo
456 2636 575 2676 sexto
619 2635 781 2676 decimo
834 2633 1027 2676 Servium
1073 2633 1296 2675 ediderunt
1341 2634 1549 2689 Georgius
1594 2633 1812 2675 Fabricius

220 2817 251 2859 1)
278 2815 368 2850 Lion
397 2815 560 2851 dubitari
585 2827 691 2861 posse
713 2815 805 2850 dicit
830 2817 952 2849 utrum
974 2815 1115 2850 decimo
1136 2816 1247 2850 tertio
1273 2827 1319 2850 an
1340 2815 1482 2850 decimo
1510 2816 1639 2859 quarto
1667 2815 1812 2849 sacculo

121 2868 235 2903 codex
262 2869 421 2913 scriptus
450 2869 508 2905 sit.
653 2870 688 2913 2)
717 2868 759 2903 cf.
789 2869 914 2904 adnot.
941 2867 1020 2903 crit.
1049 2867 1096 2901 ad
1122 2880 1156 2912 p.
1184 2872 1240 2911 23,
1270 2872 1322 2902 11.
1361 2870 1449 2903 Aen.
1477 2868 1491 2901 Ι
1515 2872 1576 2901 151
1607 2870 1654 2911 (p.
1678 2871 1732 2909 (34,
1756 2870 1811 2911 18)

123 2931 216 2964 quae
238 2932 281 2955 ex
306 2921 536 2966 Monacensi,
564 2933 721 2966 quocum
748 2922 781 2956 ei
807 2921 868 2965 qui
882 2921 1111 2966 Lipsiensem
1131 2922 1169 2955 et
1189 2920 1442 2955 Cassellanum
1470 2922 1704 2954 correxerunt
1730 2920 1813 2953 coh-

122 2971 304 3017 sentiunt,
342 2974 517 3019 exscripsi
552 2975 680 3009 eadem
716 2974 907 3009 Fabricius
943 2974 1069 3009 edidit.
1113 2973 1212 3008 idem
1238 2973 1326 3008 Aen.
1355 2974 1387 3007 11
1416 2978 1481 3007 199
1519 2975 1567 3017 (p.
1596 2977 1679 3016 253,
1708 2975 1743 3017 3)
1771 2984 1815 3008 ea

123 3024 274 3060 exhibet
299 3037 393 3069 quae
418 3028 456 3062 in
481 3027 665 3073 Lipsiensi
692 3039 802 3072 supra
827 3039 972 3063 versum
998 3026 1128 3060 addita
1154 3028 1237 3060 sunt
1262 3027 1505 3070 frequentavit
1530 3038 1574 3060 m.
1603 3038 1684 3060 cuni
1706 3027 1813 3061 Guel-

123 3078 315 3121 ferbytano
342 3080 460 3124 primo
481 3091 626 3125 quoque
652 3081 789 3116 italicis
815 3081 920 3116 libris
939 3080 1119 3124 quaedam
1147 3079 1356 3113 communia
1382 3079 1476 3113 sunt.
1517 3080 1561 3114 cf.
1589 3079 1712 3115 adnot.
1734 3080 1812 3115 crit.

123 3130 170 3163 ad
195 3143 228 3175 p.
259 3135 336 3175 125,
362 3138 382 3168 3
410 3135 447 3168 et
473 3138 553 3177 410,
579 3138 598 3168 2
627 3135 664 3168 et
690 3144 782 3177 quae
809 3144 919 3177 supra
944 3146 976 3178 p.
1005 3132 1137 3167 XLVII
1169 3131 1249 3166 adn.
1282 3135 1298 3164 1
1328 3131 1413 3165 dixi.
