2204 3437
623 735 829 782 SERVII
869 736 1270 782 GRAMMATICI

225 851 299 903 IN
342 851 661 906 VERGILH
703 850 1052 908 AENEIDOS
1095 854 1366 908 LIBRVM
1408 855 1686 910 PRIMVM

669 981 1224 1039 COMMENTARIVS.

219 1186 268 1227 In
301 1187 559 1241 exponendis
592 1187 837 1228 auctoribus
870 1188 975 1230 haec
1008 1189 1315 1231 consideranda
1355 1194 1475 1232 sunt:
1512 1194 1663 1245 poetae
1697 1193 1796 1244 vita,

100 1256 253 1298 titulus
280 1258 439 1311 operis,
473 1258 659 1311 quaIItas
686 1258 909 1313 carminis,
943 1259 1167 1301 scribentis
1200 1261 1402 1316 intentio,
1434 1277 1636 1304 numerus
1670 1264 1797 1306 libro-

101 1342 213 1382 rum,
246 1329 348 1370 ordo
381 1329 607 1382 librorum,
640 1329 897 1382 explanatio.
946 1329 1132 1385 Vergilii
1164 1331 1270 1373 haec
1302 1333 1391 1374 vita
1417 1337 1493 1374 est.
1544 1336 1664 1387 patre
1692 1334 1798 1376 Ver-

99 1397 206 1451 gilio
239 1401 375 1440 matre
407 1398 552 1453 Magia
584 1399 683 1453 fuit3
717 1399 820 1440 civis
846 1394 1124 1455 Mantuanus,
1158 1416 1265 1455 quae
1297 1402 1448 1444 civitas
1483 1406 1547 1443 est
1579 1403 1797 1447 Venetiae.

100 1467 277 1509 diversis
305 1468 347 1509 in
375 1468 480 1510 locis
508 1483 682 1523 operam
709 1469 868 1511 litteris
896 1470 1029 1526 dedit3
1056 1486 1156 1512 nam
1183 1475 1224 1513 et
1245 1471 1480 1515 Cremonae
1502 1476 1543 1514 et
1564 1473 1842 1517 Mediolani‘5

100 1541 142 1579 et
167 1538 351 1592 Neapoli
377 1539 552 1580 studuit.
602 1540 705 1581 adeo
734 1543 877 1582 autem
904 1543 1287 1584 verecundissimus
1320 1544 1421 1598 fuit,
1453 1546 1501 1585 ut
1527 1559 1577 1585 ex
1604 1546 1795 1586 moribus

99 1622 334 1662 cognomen
367 1610 594 1664 acceperit3
626 1626 727 1652 nam
753 1612 890 1653 dictus
918 1615 982 1654 est
1010 1613 1277 1656 Parthenias,
1330 1615 1446 1655 omni
1473 1615 1562 1656 vita
1587 1616 1796 1669 probatus

98 1694 181 1721 uno
214 1682 383 1722 tantum
417 1681 566 1722 morbo
599 1681 843 1736 laborabat3
876 1697 976 1723 nam
1002 1683 1215 1737 inpatiens
1248 1685 1440 1726 libidinis
1468 1686 1561 1727 fuit.
1610 1687 1795 1741 primum

98 1751 149 1792 ab
182 1751 264 1792 hoc
297 1751 511 1792 distichon
544 1751 706 1793 factum
739 1755 803 1794 est
834 1753 878 1793 in
910 1753 1137 1795 Ballistam
1170 1755 1381 1796 latronem

309 1821 478 1864 Monte
512 1822 602 1863 sub
634 1823 727 1871 hoc
759 1824 986 1877 lapidum
1019 1825 1218 1878 tegitur
1250 1825 1475 1867 Ballista
1508 1828 1764 1881 sepultus:

425 1896 573 1934 nocte
607 1893 685 1934 die
718 1895 888 1934 tutum
921 1909 1071 1948 carpe
1104 1896 1274 1937 viator
1306 1896 1417 1937 iter.

97 1963 268 2017 scripsit
307 1963 436 2004 etiam
476 1965 642 2017 septem
681 1964 770 2004 sive
803 1968 899 2006 octo
932 1965 1065 2007 libros
1098 1965 1193 2007 hos:
1237 1964 1356 2008 Cirin
1387 1966 1572 2008 Aetnam
1605 1965 1795 2009 Culicem

95 2034 292 2088 Priapeia
324 2032 581 2088 Catalepton
606 2034 937 2089 Epigrammata
962 2035 1123 2090 Copam
1156 2036 1296 2078 Diras.
1345 2040 1496 2091 postea
1528 2038 1634 2079 ortis
1668 2039 1794 2080 bellis

191 2166 206 2194 1
235 2161 277 2194 In
303 2162 526 2206 exponendis
553 2191 559 2197 .
582 2191 588 2198 .
612 2189 618 2196 .
645 2162 723 2197 vita
748 2174 813 2197 om.
834 2164 869 2196 B
889 2165 900 2208 Η
921 2164 1107 2198 actoribus
1132 2164 1164 2198 G
1183 2166 1195 2209 Η
1213 2164 1294 2199 uita
1318 2166 1452 2209 poetae
1478 2165 1517 2198 E
1534 2167 1545 2209 ΙΙ
1565 2169 1584 2199 2
1612 2166 1795 2201 scribendi

93 2207 251 2242 intentio
279 2208 311 2242 G
343 2210 354 2252 ΙΙ
385 2213 405 2242 3
433 2208 605 2254 Vergilii]
632 2209 773 2253 uirgilii
805 2211 899 2245 libri.
950 2212 1053 2245 semel
1077 2223 1198 2246 moneo
1224 2213 1437 2256 ubicumque
1456 2216 1566 2256 poeta
1591 2214 1795 2248 nominetur

95 2256 284 2299 antiquam
302 2266 355 2289 me
373 2257 532 2290 iiomiriis
550 2257 704 2299 formam
725 2258 889 2300 posuisse
908 2269 1015 2302 quam
1038 2259 1217 2302 pleniores
1241 2260 1342 2302 libri,
1369 2263 1409 2293 ut
1433 2261 1630 2303 qeneratim
1657 2262 1796 2304 loquar,

95 2305 159 2336 aut
184 2303 395 2346 plerumque
428 2306 494 2337 aut
517 2314 592 2338 ‘nori
617 2305 737 2338 minus
761 2315 865 2348 saepe
890 2317 997 2349 quam
1022 2307 1251 2340 ‘recentiorem
1276 2307 1462 2350 praebent.
1513 2307 1684 2342 Serviani
1709 2308 1795 2342 libri

95 2353 236 2392 eaecepto
262 2350 545 2384 Karoziruhensi
564 2362 680 2394 prope
705 2355 910 2386 constanter
934 2352 1115 2396 Virgilius
1147 2354 1321 2388 eoeltibe‘nt.
1355 2354 1366 2397 Η
1398 2355 1454 2387 est
1479 2365 1544 2388 om.
1574 2355 1622 2388 M
1650 2356 1662 2399 Η
1693 2356 1794 2389 ortus

94 2395 166 2429 fuit
197 2397 267 2438 (est
291 2396 401 2439 Lien>
433 2398 540 2441 patre
569 2399 792 2441 exemplaria
823 2399 997 2442 impressa
1027 2402 1039 2443 Η
1076 2399 1257 2445 Vergilio]
1297 2400 1410 2444 figulo
1440 2401 1561 2435 Paris.
1593 2405 1688 2436 7959
1720 2402 1793 2443 for-

95 2446 186 2476 tasse
210 2446 316 2484 reete,
341 2443 490 2487 uirgilio
517 2445 648 2488 reliqui
674 2447 685 2488 Η
711 2448 732 2477 4
757 2446 874 2480 matre
902 2457 988 2480 uero
1016 2446 1065 2490 G,
1090 2448 1150 2481 sed
1176 2458 1263 2481 uero
1288 2458 1387 2491 supr.
1408 2458 1495 2481 vers.
1516 2449 1528 2491 ΙΙ
1552 2448 1676 2492 magia
1696 2448 1793 2482 GH:

95 2489 193 2523 maia
218 2490 253 2522 B
276 2490 397 2526 Paris.
421 2491 508 2524 ME
531 2491 653 2533 maffia
674 2492 705 2524 L
724 2493 736 2535 Η
755 2492 826 2527 fuit
851 2494 959 2527 natus
987 2494 1016 2527 le
1035 2495 1046 2537 Η
1066 2493 1163 2527 ciues
1191 2494 1223 2528 G
1242 2495 1254 2537 ΙΙ
1274 2498 1292 2528 5
1320 2494 1536 2529 mediolanii
1562 2495 1595 2527 L
1614 2497 1625 2539 Η
1646 2499 1663 2529 7
1692 2506 1793 2529 acee-

93 2536 191 2580 perit
218 2537 358 2572 Paris:
386 2537 571 2582 acciperet
596 2539 727 2583 reliqui
751 2540 763 2583 ΙΙ
787 2539 1006 2583 panthenias
1034 2540 1083 2582 G,
1115 2542 1175 2575 sed
1194 2542 1302 2585 prior
1326 2553 1350 2575 n
1377 2553 1393 2576 e
1419 2552 1508 2576 corr.
1536 2543 1547 2586 ΙΙ
1574 2546 1593 2576 8
1620 2554 1733 2576 unum
1758 2543 1793 2575 B

295 2585 343 2609 uel
363 2583 382 2611 ἆ

94 2629 167 2651 una
184 2618 216 2653 G
235 2620 247 2663 ΙΙ
265 2620 392 2653 morbo
407 2620 442 2653 B
469 2618 560 2654 uitio
575 2620 614 2653 E
631 2621 642 2664 Η
661 2620 809 2656 laborat
828 2621 907 2655 LH
931 2623 1035 2666 (corr.
1058 2623 1082 2665 l)
1102 2623 1113 2666 ΙΙ
1133 2622 1293 2666 primum
1313 2623 1359 2657 ab
1380 2624 1449 2657 1100
1470 2623 1627 2658 disticon
1654 2624 1793 2658 factum

94 2667 150 2699 est
178 2665 299 2701 Paris.
315 2666 475 2700 HMEl:
509 2667 670 2711 primum
696 2668 741 2702 ab
768 2668 833 2702 illo
860 2669 929 2703 hoc
955 2669 1115 2703 disticon
1141 2669 1281 2704 factum
1308 2672 1364 2704 est
1389 2670 1423 2703 R
1450 2671 1608 2714 primuni
1636 2670 1793 2705 disticon

93 2711 131 2745 in
157 2712 330 2746 balistam
353 2713 535 2747 latronem
556 2714 764 2758 composuit
784 2715 817 2750 G
843 2716 1001 2759 primum
1022 2728 1044 2751 a
1064 2716 1222 2751 disticon
1249 2717 1371 2761 caepit
1396 2717 1495 2761 quod
1520 2719 1659 2751 factum
1685 2720 1742 2752 est
1761 2718 1793 2750 L

92 2758 251 2802 primum
271 2771 292 2794 a
307 2759 463 2804 Virgilio
484 2761 554 2795 hoc
575 2761 759 2796 distichon
780 2762 918 2797 factum
939 2764 994 2797 est
1019 2764 1242 2807 eoeemplaria
1262 2765 1436 2807 impressa
1454 2765 1465 2808 Η
1486 2768 1504 2797 9
1526 2764 1711 2798 ballistam
1728 2765 1791 2798 M:

92 2805 265 2840 balistam
290 2808 421 2851 reliqui
439 2809 451 2852 Η
472 2812 514 2841 10
540 2808 693 2842 ballista
715 2810 776 2843 M:
803 2809 940 2845 balista
965 2811 1097 2854 reliqui
1116 2813 1127 2854 ΙΙ
1149 2814 1187 2844 11
1219 2810 1255 2844 di
1275 2811 1308 2844 L
1341 2811 1413 2854 (die
1434 2812 1458 2854 l)
1478 2812 1490 2854 11
1518 2816 1559 2845 12
1587 2812 1696 2845 hocto
1724 2811 1756 2844 L
1782 2813 1791 2855 ᾗῇ

94 2852 209 2887 cir-ina
240 2855 363 2889 etnam
389 2855 505 2888 BLH
520 2855 642 2891 Paris.
682 2855 784 2890 crina
815 2858 939 2891 etnam
966 2858 999 2891 G
1037 2857 1153 2891 cirina
1179 2858 1331 2904 ethnam
1361 2859 1407 2891 M
1444 2857 1551 2892 cinna
1577 2859 1728 2892 ethnam
1755 2858 1794 2891 E

1046 2908 1057 2930 t

93 2935 149 2977 (al
173 2934 288 2969 cii-ina
313 2946 330 2970 e
354 2936 395 2970 iii
419 2938 547 2980 mai-q.)
578 2938 590 2981 Η
629 2942 670 2971 13
696 2937 886 2982 priapeaia
912 2940 955 2973 H
977 2941 989 2984 Η
1020 2913 1196 2983 οῑιῗθὶίὺοῃ
1226 2940 1346 2974 Paris.
1394 2940 1603 2984 catelepton
1638 2938 1671 2972 V
1692 2940 1789 2974 Rur-

91 2982 219 3016 mamn'
261 2983 481 3017 catalectum
509 2983 541 3018 G
587 2984 795 3019 catalecton
826 2987 967 3030 reliqui.
1018 2988 1062 3029 ef.
1091 2991 1175 3030 posi
1207 2987 1405 3031 Berqlciwn
1437 2998 1523 3020 veiis.
1550 2987 1646 3020 rhen.
1675 2990 1696 3020 t.
1715 2986 1789 3059 tXX

89 3073 127 3106 p.
154 3067 220 3098 291
247 3064 292 3099 R.
327 3065 489 3109 Uri-(serus
515 3077 599 3100 ariri.
622 3064 714 3110 phil.
741 3070 763 3101 l.
792 3066 906 3101 CXIII
927 3079 965 3111 p.
993 3072 1060 3102 429
1073 3079 1145 3113 sqq.
1178 3071 1189 3112 ΙΙ
1221 3067 1527 3112 epigrammatam
1556 3068 1635 3102 GH
1660 3070 1672 3113 ΙΙ
1697 3043 1710 3058 (Δ
1733 3080 1789 3104 00-

94 3114 353 3187 pametdiraset
372 3114 444 3143 egm
463 3114 497 3138 de
517 3121 584 3139 rosa
599 3148 630 3181 G
658 3148 763 3192 (quae
786 3159 901 3193 supra
920 3160 1065 3189 versum,
1078 3153 1164 3185 sunt
1187 3150 1263 3184 alia
1283 3161 1413 3185 memus
1433 3151 1615 3186 addidisse
1635 3151 1790 3195 ridetur)

166 3209 260 3234 Servii
281 3218 383 3238 comm.
404 3213 469 3239 Vol.
489 3213 512 3239 Ι,
534 3213 620 3238 Fasc.
640 3213 664 3237 1.
1488 3214 1503 3242 l

1824 1841 1864 1871 10
