2204 3437
542 219 689 254 COMM.
716 220 767 253 IN
792 219 934 254 VERG.
961 219 1071 254 AEN.
1099 218 1124 253 I.
1151 220 1348 252 247-252.
1728 213 1783 254 93

94 326 154 365 vet
184 326 437 379 drymtatem,
475 329 521 365 ‘ut
556 329 597 365 et
634 339 718 366 was
748 326 948 377 aliquod
983 336 1245 374 nomenque
1276 322 1508 372 decusque
1535 320 1785 371 qessimus.

95 407 315 445 ARMAQVE
342 407 463 436 FIXIT
492 407 632 437 TROIA
657 396 737 436 hoc
763 397 844 444 est,
877 409 1048 435 securus
1076 396 1159 446 est,
1191 392 1289 446 quia
1315 391 1455 431 solent
1481 389 1601 429 missi
1631 389 1787 429 militia

97 466 185 506 sive
225 466 469 519 gladiatura
513 466 776 520 quibuslibet
816 465 987 518 templis
1027 479 1144 505 arma
1182 462 1454 516 suspendere,
1498 464 1544 501 ut
1583 459 1785 500 Horatius

96 535 343 577 Veianius
371 537 524 577 armis
548 536 785 577 Herculis
812 536 871 576 ad
896 538 1095 589 postem
1121 534 1243 575 fixis
1271 537 1314 574 et
1333 532 1526 573 Danais
1553 531 1608 570 de
1641 532 1786 583 poste

95 606 174 647 ref
178 607 260 647 ixu
271 622 324 649 m.
443 607 799 652 ²³⁶.›1RMAQI‘EFIXIT
836 606 955 658 quast
991 619 1073 645 ozon
1109 604 1334 644 necessaria
1371 601 1633 649 eonseemvi&
1671 600 1788 652 fiyere

95 677 202 717 enim
234 691 462 718 consecrare
499 676 563 716 hie
599 676 781 717 debemus
817 677 1008 728 accipere,
1044 678 1091 715 ut
1120 673 1342 726 postibus
1380 671 1602 713 adversis
1635 668 1787 723 βψω*

216 748 312 787 249.
363 758 631 788 COMPOSTVS
665 759 744 799 pro
782 746 1033 798 compositus.
1096 758 1280 798 syncope
1320 745 1404 794 est3
1449 741 1637 782 detraxit
1676 740 1788 780 enim

97 818 147 858 de
180 818 318 858 medio
353 817 582 871 syllabam,
614 820 662 857 ut
694 819 741 857 et
771 816 953 870 pocula
984 814 1190 868 porgite
1223 813 1431 854 dextris.

214 888 310 929 250.
360 898 447 928 NOS
480 899 570 927 TYA
602 897 861 927 ΡΒΟΘΕΝΙΕΒ1
895 886 954 926 sic
986 885 1178 938 loquitur
1211 882 1333 936 quasi
1365 897 1450 922 una
1482 881 1538 921 sit
1569 880 1618 920 de
1645 881 1787 921 Troia-

96 959 181 1013 nis3
218 973 318 998 nam
358 957 483 998 aliter
515 971 662 997 sensus
700 971 786 997 non
823 955 1026 1009 procedit.
1089 953 1200 1008 quod
1239 955 1381 993 autem
1419 951 1526 992 dixit
1567 950 1663 991 ‘tua
1694 965 1789 1004 pro-

97 1028 277 1082 genies’,
310 1027 554 1082 epexegesis
582 1030 664 1080 est,
696 1029 743 1067 ut
770 1028 848 1067 ast
875 1038 966 1079 ego
994 1038 1116 1078 quae
1144 1023 1312 1063 divum
1338 1022 1514 1062 incedo
1541 1021 1731 1074 regina.

98 1116 168 1140 Nos
204 1115 275 1140 Tm
311 1099 537 1148 PROGENIES]
574 1098 694 1149 qnasi
717 1097 907 1149 patiatur
938 1098 974 1135 et
1006 1095 1096 1147 ipsa
1127 1094 1234 1146 qaod
1262 1096 1299 1133 et
1328 1093 1451 1145 filius.
1507 1095 1544 1133 et
1573 1092 1666 1132 bene
1697 1090 1789 1131 <ma

92 1167 320 1221 preyem'es'
349 1162 526 1220 propter'
536 1167 795 1207 Antenorem.
915 1175 1082 1205 ADNVIS
1115 1164 1216 1217 quia
1241 1166 1348 1203 nutu
1378 1177 1544 1216 semper
1575 1162 1792 1216 promittit

98 1238 261 1292 aliquid
286 1238 496 1292 Iuppiter,
523 1241 570 1278 ut
593 1237 771 1278 ann-uit
794 1239 837 1277 et
861 1239 1010 1276 totam
1035 1238 1156 1275 nata
1183 1233 1449 1285 treo'nefeett
1470 1232 1732 1286 Olymp‘emz.

98 1326 243 1351 ANNI'IS
274 1309 362 1350 licet
389 1310 481 1361 ipsa
512 1309 585 1348 dea
615 1308 685 1361 sit,
716 1310 850 1348 tamen
880 1305 952 1347 sub
977 1318 1155 1357 persona
1186 1303 1348 1344 Aeneae
1377 1317 1418 1344 se
1440 1304 1590 1356 posuit.

214 1379 310 1420 251.
361 1395 534 1421 surmus
560 1394 715 1419 Aissssss
750 1391 839 1431 ear,
869 1390 960 1417 cum
990 1389 1076 1416 maa
1106 1375 1225 1415 navis
1249 1375 1434 1427 perierit,
1467 1375 1528 1415 ait
1559 1372 1791 1414 ‘azavefbus’?

96 1454 171 1491 aut
199 1451 394 1491 invidiose
424 1450 531 1490 dixit
559 1452 595 1489 et
625 1451 853 1501 exayyemt,
885 1450 959 1487 aut
987 1447 1085 1498 qaia
1116 1445 1248 1486 adhuc
1272 1445 1380 1485 altae
1405 1446 1562 1494 desunt,
1594 1448 1667 1485 aut
1696 1445 1793 1496 quia

97 1535 165 1562 eas
194 1535 276 1561 aon
300 1521 454 1574 perisse
484 1521 647 1572 ifflzorat
676 1519 846 1560 Aeneas.
967 1528 1210 1558 INFANDVM
1243 1530 1319 1569 pro
1353 1515 1526 1555 infande
1549 1516 1705 1568 posuit,
1746 1516 1794 1554 111

98 1592 142 1632 111
168 1591 241 1632 VI.
266 1592 506 1632 miserum
538 1592 751 1644 septena
783 1588 1073 1643 quotannis.
1115 1587 1219 1627 item
1250 1588 1552 1639 torvumque
1584 1586 1793 1638 repente

99 1662 284 1703 clamat
315 1676 392 1715 pro
424 1663 559 1702 torve.
621 1664 664 1702 et
696 1662 761 1701 est
793 1660 950 1713 figura,
982 1673 1090 1712 quae
1122 1657 1170 1698 fit
1202 1656 1397 1710 quotiens
1430 1671 1585 1697 nomen
1615 1670 1692 1709 pro
1726 1655 1794 1695 ad-

99 1733 243 1774 verbio
287 1732 479 1785 ponitur3
524 1732 663 1785 magis
709 1734 853 1772 autem
893 1730 1061 1783 poetica
1100 1731 1182 1782 est,
1226 1729 1269 1768 in
1307 1742 1436 1781 prosa
1475 1728 1548 1768 aut
1585 1741 1684 1767 rara
1722 1728 1795 1765 aut

99 1817 340 1856 numquam.
390 1805 535 1843 tamen
565 1802 645 1843 hoc
677 1802 770 1843 loco
804 1799 1069 1842 ‘infandum'
1102 1801 1247 1853 potest
1272 1813 1363 1839 esse
1390 1798 1520 1839 etiam
1552 1796 1794 1837 interiectio

101 1873 296 1914 dolentis.
399 1884 537 1914 VNIVS
565 1872 633 1913 hic
650 1864 855 1926 'produxit
874 1871 1196 1925 paenultimam.
1313 1870 1443 1921 nvn-s]
1471 1869 1647 1921 cautius,
1672 1880 1792 1919 quam

99 1945 136 1985 si
166 1945 333 1985 dixisset
362 1943 550 1984 Iunonis.

196 2088 213 2118 1
242 2085 279 2118 et
302 2084 384 2129 nos]
410 2085 452 2118 A.
474 2083 506 2117 Π
527 2087 570 2117 89
590 2084 602 2127 {l
621 2087 641 2117 3
661 2082 852 2127 Horatius]
874 2093 929 2126 ep.
952 2082 965 2114 Ι
990 2085 1021 2125 1,
1042 2085 1063 2114 4
1083 2082 1094 2124 ΙΙ
1113 2085 1134 2114 4
1154 2079 1309 2124 Danais]
1334 2080 1376 2112 A.
1398 2079 1430 2111 V
1450 2082 1518 2113 360
1539 2079 1550 2122 ΙΙ
1571 2083 1590 2112 G
1610 2076 1795 2122 postibus]

100 2133 142 2165 A.
169 2131 219 2165 III
246 2133 384 2175 287118
412 2132 450 2164 91
473 2130 622 2175 pocula]
651 2132 692 2164 A.
719 2129 806 2163 VIII
832 2131 930 2173 27411
958 2133 998 2162 11
1027 2130 1085 2161 ast
1110 2128 1194 2172 ego]
1222 2127 1264 2160 A.
1292 2127 1306 2159 I
1334 2131 1378 2160 4ss
1398 2128 1410 2170 ΙΙ
1437 2130 1476 2159 17
1506 2125 1651 2170 adnuit]
1678 2125 1720 2158 A.
1747 2124 1798 2157 IX

103 2180 199 2222 1051}
222 2182 263 2212 19
290 2178 478 2223 miserum]
505 2178 546 2211 A.
575 2177 623 2211 VI
644 2181 686 2210 21
707 2179 718 2220 ΙΙ
737 2176 973 2220 torvumque]
1001 2176 1043 2209 A.
1071 2175 1138 2208 VII
1159 2178 1226 2208 399
1246 2175 1257 2217 ΙΙ
1278 2178 1321 2207 24)
1349 2176 1387 2208 91
1413 2174 1468 2207 est
1492 2173 1611 2217 figura
1636 2183 1665 2207 e.
1693 2183 1725 2214 q.
1753 2171 1795 2216 s.]

102 2225 145 2261 cf.
174 2225 292 2259 Servii
318 2224 472 2270 [Sergii]
501 2235 631 2259 comm.
659 2224 698 2258 in
722 2224 814 2258 Don.
842 2235 877 2268 p.
904 2227 984 2266 438,
1011 2226 1054 2256 35
1081 2222 1124 2255 K.

101 2354 290 2388 videmur:
320 2354 443 2398 ipsum
468 2354 618 2397 quidam
645 2353 771 2387 dicunt
794 2351 1041 2386 Antenoridas
1068 2351 1275 2396 appellasse
1307 2352 1318 2394 Η
1352 2354 1368 2384 1
1396 2349 1588 2394 gessimus.
1633 2360 1798 2386 ARMAQVE

104 2414 200 2434 lel'r
226 2412 299 2434 non
324 2402 532 2435 necessaria
556 2400 662 2444 quasi
690 2429 696 2435 .
719 2429 725 2435 .
749 2427 756 2434 .
782 2399 943 2433 adversis
968 2399 1052 2443 figo.
1098 2403 1135 2433 et
1159 2399 1228 2432 hoc
1252 2397 1436 2442 significat
1456 2408 1603 2431 securus
1629 2397 1686 2429 est
1711 2394 1798 2438 quia

105 2448 225 2481 solent
245 2447 274 2481 C
303 2450 341 2481 et
359 2448 432 2482 hoc
452 2447 636 2492 significat
655 2448 777 2481 delevi.
797 2448 809 2490 ΙΙ
828 2450 847 2480 2
869 2445 973 2479 missi
991 2446 1080 2480 BG:
1108 2445 1233 2479 amissi
1248 2444 1409 2478 KHMl
1442 2443 1577 2477 amissa
1597 2442 1629 2475 L
1648 2443 1659 2486 ΙΙ
1680 2446 1698 2475 3
1720 2442 1798 2485 gla-

104 2495 264 2529 diatores
291 2506 312 2529 a
337 2495 562 2538 quibuslibet
588 2495 622 2527 B
642 2496 653 2538 ΙΙ
679 2498 700 2528 4
724 2493 897 2528 uei-anius
922 2493 957 2526 B
995 2492 1186 2527 ueaianius
1212 2492 1253 2525 K
1287 2491 1439 2525 ueianus
1468 2491 1515 2524 M
1538 2491 1549 2534 ΙΙ
1575 2500 1695 2523 armas
1721 2488 1799 2521 KL

103 2553 206 2576 arma
231 2542 297 2576 Ml
315 2543 326 2586 ΙΙ
344 2542 426 2576 fixit
443 2542 527 2576 LH
534 2542 582 2576 M
616 2541 761 2575 fixikum
781 2541 817 2574 B
836 2542 848 2585 ΙΙ
869 2544 886 2574 7
909 2541 957 2574 ad
975 2551 1006 2574 v.
1028 2544 1094 2573 249
1123 2538 1357 2583 Compostus]
1385 2549 1450 2582 pro
1477 2536 1689 2581 conpositus
1716 2547 1799 2579 syn-

103 2599 194 2632 cope
221 2590 277 2622 est
304 2589 340 2622 P
368 2591 379 2633 ῙΙ
410 2602 602 2623 coxposws
628 2589 670 2621 K
697 2589 708 2632 ΙΙ
740 2592 759 2622 9
787 2589 835 2622 ad
860 2599 890 2621 v.
918 2591 985 2621 ‘250
1012 2587 1089 2621 Nos
1115 2587 1181 2620 tua
1206 2585 1417 2630 progenies]
1453 2584 1504 2618 sic
1530 2583 1693 2627 loquitur
1720 2611 1727 2617 .
1755 2611 1762 2618 .

90 2635 282 2670 Troianis.
333 2636 439 2679 quasi
464 2636 605 2680 patitur
631 2637 668 2670 et
692 2636 773 2680 ipsa
798 2635 896 2679 quod
923 2634 957 2668 91
987 2634 1096 2668 filius,
1149 2635 1186 2668 et
1217 2634 1308 2667 bene
1335 2633 1400 2666 tua
1430 2631 1624 2676 progenies
1650 2630 1801 2674 propter

105 2684 339 2719 Antenorem.
379 2684 435 2717 est
455 2684 579 2718 autem
600 2682 820 2726 efexegesis,
846 2683 888 2716 ut
915 2681 989 2715 ‘ast
1014 2692 1082 2725 ego
1102 2692 1196 2724 quae
1222 2680 1348 2714 diuum
1374 2678 1505 2713 incedo
1530 2677 1687 2722 regina’.
1726 2676 1798 2709 An-

104 2729 202 2775 nuis]
230 2729 318 2764 licet
342 2730 425 2774 ipsa
450 2731 518 2764 dea
544 2730 607 2773 sit,
633 2730 759 2764 tamen
785 2729 851 2763 sub
876 2739 1037 2773 persona
1061 2729 1207 2762 Aeneae
1234 2738 1271 2761 se
1297 2726 1430 2770 posuit.
1468 2726 1561 2759 bene
1588 2726 1709 2758 autem
1738 2735 1799 2756 an-

104 2776 184 2810 nuis
210 2777 297 2820 quja
323 2805 328 2810 .
358 2805 364 2811 .
393 2804 399 2811 .
432 2776 596 2821 Iuppiter
625 2777 667 2810 P.
713 2777 886 2810 consentit
913 2775 957 2817 C,
988 2776 1062 2809 uisi
1094 2775 1188 2819 quod
1218 2785 1304 2808 nam
1331 2801 1338 2807 .
1367 2802 1374 2808 .
1403 2802 1409 2808 .
1436 2771 1603 2817 procedit
1634 2772 1698 2805 aut
1718 2773 1801 2813 post

105 2823 273 2857 Troianis
300 2825 421 2865 addit,
445 2824 610 2868 patiatur
629 2824 795 2867 praebet,
821 2824 862 2857 ut
887 2822 1017 2856 annuit
1043 2850 1049 2856 .
1074 2851 1080 2857 .
1104 2850 1110 2856 .
1139 2822 1336 2865 Olympum
1358 2824 1441 2865 post
1466 2818 1631 2862 Iuppiter
1656 2818 1768 2851 addit.
1790 2817 1800 2859 {j

104 2881 198 2904 unus
217 2871 251 2904 L
269 2871 281 2914 ΙΙ
302 2875 345 2905 10
368 2871 462 2905 alter
480 2871 522 2904 K
537 2872 549 2914 ΙΙ
570 2874 610 2904 11
640 2869 841 2914 efexegesis
862 2870 948 2903 libri
966 2871 977 2913 Η
999 2873 1039 2903 13
1060 2882 1186 2903 ANNVIS
1206 2868 1284 2902 BL
1322 2880 1439 2901 Ausus
1459 2866 1501 2899 K
1517 2867 1528 2908 ΙΙ
1550 2869 1590 2898 16
1613 2865 1660 2897 ad
1678 2875 1709 2897 v.
1732 2867 1797 2896 251

105 2916 273 2952 Nauibus
304 2918 464 2962 amissis]
505 2929 568 2952 cur
604 2929 686 2952 cum
716 2928 789 2951 una
820 2916 926 2950 nauis
958 2916 1110 2960 perierit
1147 2916 1238 2950 haec
1271 2914 1390 2948 dixit?
1427 2911 1608 2946 inuidiose
1641 2910 1733 2943 dixit
1764 2911 1802 2943 et

108 2966 317 3008 exaggerat.
367 2965 578 3009 Infandum]
606 2975 672 3008 pro
698 2963 846 2998 infande
872 2963 1005 3007 posuit.
1056 2964 1276 3006 toruumque
1304 2989 1310 2995 .
1340 2988 1345 2994 .
1376 2987 1381 2992 .
1408 2961 1524 2993 toruo.
1574 2968 1707 2992 nomen
1732 2967 1798 3000 pro

107 3011 292 3046 adverbio.
342 3012 411 3046 hoc
443 3012 524 3046 loco
553 3040 559 3046 .
588 3039 595 3045 .
626 3039 632 3045 .
659 3010 829 3045 dolentis,
860 3010 895 3043 1>
921 3011 932 3054 Η
966 3013 1007 3044 18
1033 3021 1106 3045 non
1137 3009 1275 3053 perisse
1301 3007 1448 3050 scripsi:
1474 3004 1611 3049 perisse
1637 3015 1711 3038 non
1738 3003 1767 3037 O
1789 3003 1801 3048 Η

109 3061 151 3090 19
184 3058 289 3092 utin
314 3059 374 3093 VI.
402 3058 572 3093 mutabili
599 3058 679 3092 LI!
689 3059 743 3092 M.
795 3058 871 3092 alia
902 3058 1086 3101 scriptura
1116 3057 1228 3098 fuisse
1259 3055 1400 3088 videtur
1430 3053 1473 3086 ut
1503 3051 1603 3085 alibi.
1643 3052 1688 3093 cs.
1715 3051 1800 3084 adn.

108 3105 185 3138 crit.
212 3106 260 3139 ad
285 3117 325 3149 p.
353 3111 413 3150 73,
436 3110 477 3139 15
515 3107 527 3150 ΙΙ
564 3110 606 3140 23
642 3118 742 3139 vmvs
776 3104 920 3139 cautius
951 3115 1060 3148 quam
1097 3104 1126 3136 si
1159 3102 1311 3135 dixisset
1343 3099 1490 3134 lunonis
1522 3099 1560 3132 ct
1596 3097 1656 3132 hic
1694 3097 1801 3131 unius

108 3151 280 3193 produxit
304 3153 547 3196 penultimam
576 3154 605 3187 C

1813 608 1832 636 Q!

1817 959 1859 988 10
