2204 3437
553 200 701 240 COMM.
728 205 780 239 IN
806 203 946 240 VERG.
973 203 1083 238 AEN.
1110 204 1170 240 IV.
1197 208 1392 239 420—43‘2.
1732 202 1814 246 541

247 311 344 353 426.
395 324 569 353 AVLIDE
610 324 767 354 IVRAVI
800 312 922 354 Aulis
955 312 1096 353 insula
1139 315 1205 353 est
1242 313 1287 353 in
1324 313 1454 365 Aeyeo
1486 314 1613 367 mari,
1651 313 1694 354 in
1736 328 1819 367 qua

133 381 407 422 coniurarunt
439 381 590 423 Graeci
624 398 668 424 se
699 398 784 424 non
817 385 914 423 ante
946 397 1188 424 reversuros
1221 384 1277 424 ad
1299 384 1497 437 patriam,
1529 398 1655 437 quam
1688 383 1820 424 Troia

132 454 365 505 caperetur,
417 455 459 494 et
485 456 548 494 est
575 468 722 494 sensus
755 453 859 494 illud
887 456 1083 507 spectans
1118 454 1221 494 scio
1254 468 1325 494 me
1359 454 1549 495 Danais
1583 470 1604 495 e
1638 454 1818 496 classi-

131 522 222 563 bus
255 537 416 564 unum.
480 523 676 565 ‘Aulide’
710 527 852 565 autem
885 526 958 565 aut
991 523 1055 564 ‘in
1087 523 1275 578 Aulide',
1308 528 1381 565 aut
1412 540 1488 578 pro
1523 524 1725 566 eAulidi’.

130 604 191 633 AD
224 604 440 634 PERGAMA
472 594 514 634 111
548 593 767 648 Pergama,
798 594 841 634 id
874 597 939 635 est
971 597 1120 635 contra
1152 594 1373 648 Pergama.
1845 605 1864 634 5

247 664 345 705 427.
396 675 622 705 ANCHISAE
667 676 854 706 cmEREs
899 676 1115 707 MANESVE
1166 678 1364 707 REVELLI
1416 667 1527 721 quod
1572 667 1726 708 dieitur
1770 681 1820 707 ex

130 734 301 775 oraculo
334 734 482 775 fecisse
514 733 755 789 Diomedes,
787 739 829 776 et
861 750 1002 777 seeum
1036 736 1124 777 eius
1158 750 1255 777 ossa
1285 740 1498 791 portasse,
1531 752 1637 792 quae
1669 740 1820 791 postea

129 805 313 845 reddidit
340 804 522 857 Aeneae,
555 819 648 845 cum
675 805 812 846 multa
839 792 1015 847 adversa
1041 805 1263 860 perferret:
1296 807 1394 848 hinc
1426 810 1491 848 est
1521 807 1588 861 <V
1615 808 1697 861 80>
1724 808 1821 848 sal-

129 877 243 917 vete
275 876 471 929 recepti
501 876 807 930 nequiquam
841 877 1047 918 cineres.
1111 876 1324 918 sciendum
1357 893 1458 919 sane
1489 877 1727 920 Varronem
1760 879 1819 920 di-

130 960 239 1000 cere,
270 945 522 988 Diomedem
550 949 671 988 eruta
690 946 905 988 Anchisae
932 962 1028 989 ossa
1054 948 1143 989 filio
1170 948 1414 1003 reddidisse,
1441 948 1646 991 Catonem
1676 953 1819 991 autem
1846 958 1889 987 10

129 1017 366 1070 adfirmare,
399 1017 510 1072 quod
542 1017 750 1059 Anchises
790 1018 841 1059 ad
879 1018 1054 1060 Italiam
1094 1019 1222 1060 venit.
1284 1021 1408 1061 tanta
1450 1023 1515 1062 est
1551 1021 1665 1062 inter
1703 1021 1818 1075 ipsos

128 1087 315 1128 varietas
359 1091 401 1128 et
442 1088 723 1129 historiarum
768 1089 971 1130 confusio.
1091 1101 1291 1131 REVELLI
1336 1105 1422 1132 non
1461 1090 1682 1132 ‘revulsi’t
1720 1106 1820 1132 nam

129 1157 273 1199 ‘velli'
305 1162 347 1199 et
381 1158 569 1200 ‘revelli’
603 1160 799 1214 dieimus3
844 1160 1034 1202 ‘vulsus'
1075 1176 1173 1202 vero
1214 1164 1257 1202 et
1293 1160 1530 1203 ‘revulsus’
1570 1164 1820 1217 usurpatum

129 1232 193 1270 est
224 1231 392 1270 tantum
424 1230 468 1270 in
499 1231 737 1285 participiis
771 1234 920 1273 contra
950 1234 1163 1273 naturam.

246 1301 344 1342 428.
395 1318 467 1343 CVR
492 1319 572 1343 MEA
598 1319 710 1343 mem
736 1294 865 1343 NEGAr
888 1316 971 1343 mm
1002 1303 1239 1356 interroyat,
1282 1303 1351 1344 secl
1392 1303 1584 1355 queritur.
1652 1304 1819 1356 qnidam
1847 1313 1888 1343 15

130 1370 304 1412 ‘revelli'
337 1372 523 1425 «immuunt,
553 1373 613 1413 sita
644 1376 690 1413 1ιὲ
719 1376 910 1425 sequatur
943 1372 1034 1414 ‘eur
1065 1387 1155 1414 mea
1186 1374 1293 1415 clieta
1324 1373 1465 1427 11090ΐῖ

245 1442 342 1484 429.
392 1454 483 1492 QVO
516 1455 623 1484 RVIT
657 1446 860 1498 properat
893 1444 982 1485 sine
1015 1447 1214 1498 respectu
1248 1445 1417 1485 salutis:
1455 1460 1554 1486 nam
1586 1445 1667 1487 hoc
1705 1446 1820 1500 dicit,

128 1513 239 1567 quod
269 1516 367 1567 peto
396 1514 523 1554 etiam
549 1514 632 1568 ipsi
658 1515 849 1568 prodest:
883 1515 1039 1556 amoris
1068 1515 1230 1556 scilicet
1255 1515 1522 1569 inpatientia.
1606 1534 1824 1560 EXTREMVM

128 1600 201 1625 Hoc
224 1601 394 1626 MISERAE
418 1602 495 1626 DET
515 1602 652 1627 MVNVS
674 1603 827 1628 AMANTI
856 1600 881 1627 α
913 1586 1107 1639 qualitate
1138 1586 1317 1639 beneficii
1346 1587 1507 1628 dionem.

244 1655 341 1697 430.
391 1673 638 1703 FACILEMQI'E
661 1674 799 1699 FVGAM
817 1660 1033 1710 permmzet
1063 1657 1107 1697 in
1139 1657 1272 1698 eodem
1297 1671 1433 1708 sensu,
1463 1661 1509 1699 ut
1533 1659 1641 1700 dieat
1663 1660 1820 1712 petitio·
1846 1668 1889 1699 20

128 1740 218 1767 wem
249 1740 369 1768 suam
399 1728 521 1768 etiam
552 1727 713 1769 Aeneae
730 1729 930 1781 prodesse.
1050 1739 1288 1770 FERENTES
1327 1728 1432 1770 bene
1471 1730 1643 1785 flantes,
1679 1731 1819 1785 propi-

128 1797 224 1851 fios,
247 1811 473 1851 prosperos.
1006 1856 1009 1857 ⁷

245 1868 343 1909 431.
392 1886 599 1915 ANTIQVVM
627 1864 700 1911 a'ut
721 1871 924 1924 primum,
956 1873 1030 1910 aut
1059 1883 1219 1924 eawm,
1256 1874 1302 1911 w}
1339 1869 1466 1912 ‘mathil
1502 1872 1712 1925 antiquius
1748 1872 1818 1913 lea—

127 1937 232 1980 buit’
265 1940 460 1982 dicimus:
492 1944 566 1982 aut
594 1942 854 1994 antiquatum
891 1944 928 1982 et
963 1942 1148 1982 imitmn.
1276 1953 1403 1990 QVOD
1442 1954 1665 1984 PRODIDIT
1707 1944 1819 1998 quod

128 2010 306 2064 decepit.
368 2013 410 2052 et
442 2011 566 2054 bene:
599 2012 651 2053 ad
684 2012 1013 2066 diremptionem
1046 2012 1158 2053 enim
1197 2012 1385 2066 coniugii
1423 2013 1635 2055 inmutata
1672 2015 1818 2056 volun-
1844 2023 1887 2053 25

127 2084 194 2123 tas
234 2082 402 2124 sufficit.
470 2084 638 2136 quidam
676 2082 894 2137 ‘proci'z'dz't’
925 2098 1005 2136 pro
1045 2083 1258 2137 ‘perdidit'
1290 2084 1510 2139 aocz'pz'vzmt,
1541 2088 1588 2126 w}
1625 2085 1673 2139 <I
1705 2085 1818 2139 251>

126 2154 275 2195 maius
305 2154 356 2195 ob
387 2155 514 2195 iram
539 2155 808 2207 proclivum.

245 2224 342 2266 432.
392 2237 606 2267 PVLCHRO
639 2237 697 2266 VT
729 2237 868 2267 LATIO
902 2237 1082 2267 CAREAT
1123 2226 1236 2280 quod
1275 2226 1341 2266 illi
1377 2226 1602 2280 pulchrum
1641 2227 1819 2268 videtur.

224 2393 241 2422 1
268 2388 373 2422 Aulis
482 2389 690 2433 caperetur]
719 2388 762 2423 cf.
790 2389 892 2423 Luct.
919 2388 1019 2424 Plac.
1046 2389 1093 2424 ad
1120 2390 1211 2426 Stat.
1239 2390 1352 2425 Theb.
1374 2390 1442 2424 VII
1462 2394 1529 2424 332
1556 2391 1593 2425 et
1618 2391 1664 2425 ad
1683 2391 1818 2425 Achill.

128 2436 142 2469 I
169 2440 234 2469 447
262 2437 274 2480 ΙΙ
304 2440 345 2470 10
373 2435 563 2481 Catonem]
593 2436 636 2470 cf.
664 2436 711 2470 ad
736 2437 826 2471 Aen.
854 2436 869 2469 I
896 2440 962 2471 267

225 2594 241 2623 1
271 2590 319 2624 ad
344 2589 475 2623 Aulide
507 2601 606 2634 supr.
633 2601 721 2624 svers.
753 2590 847 2624 aulis
877 2593 933 2625 est
957 2591 1207 2626 nominatiuus
1234 2593 1271 2626 et
1297 2593 1351 2626 cst
1375 2592 1496 2626 insula
1522 2592 1558 2626 in
1585 2602 1699 2636 aegeo
1725 2591 1818 2626 mari

133 2637 165 2670 T
179 2638 191 2682 n
210 2637 331 2670 insula
356 2638 427 2682 est]
455 2637 515 2671 vel
538 2639 666 2682 portus
692 2638 775 2672 add
803 2638 840 2671 I)
859 2639 871 2682 ΙΙ
891 2642 910 2672 3
937 2640 974 2672 et
1000 2639 1146 2674 est..
1174 2651 1285 2673 unum
1312 2650 1376 2674 mn.
1402 2639 1440 2673 F
1456 2641 1467 2684 ΙΙ
1487 2644 1506 2673 6
1535 2639 1649 2684 quod]
1678 2639 1723 2672 ad
1751 2640 1817 2673 hoc

129 2688 253 2718 ‘tutem
286 2684 384 2728 quod
416 2684 462 2718 F.
507 2689 657 2718 eetenmz
689 2686 759 2719 hoc
791 2684 926 2719 dicitur
957 2696 1000 2719 ex
1032 2686 1181 2721 oraculo
1209 2714 1215 2720 .
1244 2686 1548 2721 ..historiarum
1582 2686 1747 2721 confusio
1779 2687 1819 2720 ‘m

128 2742 240 2775 mara.
272 2731 330 2776 ΤΙΙ
349 2735 369 2766 8
395 2731 516 2766 reddit
540 2732 610 2776 ΗΗ
629 2733 774 2766 Aeneae
800 2732 1154 2777 0222.NLH11111110
1180 2736 1269 2769 est
1322 2762 1328 2768 .
1356 2735 1495 2768 011101οε
1521 2744 1585 2768 om
1616 2734 1661 2767 M
1679 2735 1691 2777 ΙΙ
1711 2738 1730 2767 9
1756 2744 1817 2767 110-

129 2778 326 2822 quicquam
351 2778 437 2812 lvN
469 2779 694 2823 nequicquid
718 2780 752 2813 L
781 2780 793 2823 ss
824 2779 1009 2814 sciendum
1036 2808 1043 2814 .
1071 2809 1078 2816 .
1108 2809 1114 2815 .
1142 2762 1322 2826 confusio]
1356 2783 1394 2815 et
1418 2781 1510 2815 haec
1537 2780 1685 2824 quidem
1712 2791 1818 2814 uarro

129 2825 292 2860 affirmat
317 2827 399 2860 cato
425 2828 547 2860 autem
575 2826 667 2860 dicit
691 2827 788 2869 quod
815 2827 982 2862 anchises
1008 2828 1054 2862 ad
1086 2827 1231 2863 italiam
1256 2828 1400 2862 uenerit
1423 2828 1519 2861 undo
1546 2828 1706 2862 uaraietrs
1731 2830 1819 2862 nata

130 2874 184 2907 est
208 2872 304 2907 inter
329 2872 429 2917 ipsos
455 2875 492 2907 et
516 2873 754 2907 historiarum
781 2874 945 2909 contusio
974 2875 1007 2908 1
1029 2876 1041 2919 ΙΙ
1074 2879 1114 2909 11
1142 2875 1286 2910 uenerit
1311 2875 1349 2908 1
1371 2877 1382 2919 ΙΙ
1415 2876 1486 2909 est·
1495 2886 1560 2910 om.
1587 2875 1626 2908 Il
1654 2876 1665 2918 ΙΙ
1696 2879 1736 2908 12
1765 2875 1816 2919 et]

129 2919 214 2953 hinc
242 2921 298 2954 est
324 2922 361 2954 et
386 2921 435 2954 M
451 2921 462 2964 ΙΙ
493 2920 746 2966 historiarum]
773 2920 926 2955 istarum
952 2922 997 2955 H
1016 2924 1027 2966 Η
1059 2923 1239 2968 confusio]
1268 2923 1407 2956 saluetc
1433 2922 1571 2966 recepti
1596 2921 1818 2965 nequiqlrun

130 2967 270 3001 cineres
297 2968 378 3001 add.
397 2968 443 3001 M
462 2969 473 3011 ΙΙ
495 2971 536 3001 15
564 2969 612 3002 ad
638 2980 700 3002 cur
726 2980 771 3001 m.
794 2968 827 3002 d
847 2980 881 3002 n.
907 2979 1007 3012 supr.
1033 2981 1120 3004 vers.
1148 2982 1220 3004 non
1246 2970 1450 3013 interrogat
1475 2969 1538 3003 sed
1565 2970 1736 3003 causatur
1759 2969 1811 3002 ’1

132 3018 174 3047 16
201 3016 312 3058 neget
336 3014 553 3049 Ribbecstius
578 3016 662 3049 adn.
690 3016 768 3049 erit.
796 3016 844 3049 ad
862 3027 892 3050 L
915 3019 999 3050 428:
1027 3018 1139 3060 negat
1158 3017 1286 3061 F1123
1314 3018 1361 3050 (ul
1386 3016 1578 3060 antiquum
1603 3027 1702 3059 supr.
1729 3026 1816 3050 vers.

130 3060 291 3105 primum
320 3061 377 3106 ΤΗ
406 3065 450 3095 24
476 3063 541 3096 aut
566 3062 719 3096 Daniel:
745 3062 790 3096 ad
818 3062 857 3095 J
879 3064 890 3107 ΙΙ
918 3067 962 3097 25
988 3075 1073 3097 nam
1100 3064 1147 3098 ad
1176 3065 1239 3106 M,
1265 3063 1361 3097 enim
1388 3064 1549 3097 omittens
1567 3064 1579 3107 ΙΙ
1605 3063 1818 3107 diremptio-

130 3119 214 3142 nem
240 3109 269 3141 I:
295 3108 561 3153 disruptionem
588 3109 627 3142 Γ
658 3108 905 3153 direptionem
930 3110 972 3143 N
977 3110 1009 3143 L
1020 3112 1068 3144 M
1100 3111 1318 3155 ireptionem
1345 3111 1385 3144 ΙΙ
1420 3110 1673 3155 dor1e›tionem
1699 3111 1818 3155 111126

131 3156 179 3190 ad
203 3154 368 3199 prodidit
392 3166 491 3200 supr.
518 3167 604 3191 vetus
632 3155 779 3201 decepit
803 3157 966 3201 prodidit
990 3158 1051 3192 uel
1076 3159 1117 3192 ut
1143 3157 1292 3202 quidam
1319 3157 1448 3192 uolunt
1472 3157 1633 3202 perdidit
1661 3156 1694 3191 T

1467 3215 1539 3250 35*
