2132 3354
302 128 436 162 XXXII
997 118 1277 155 PRAEFATIO.

305 235 354 275 ad
389 249 479 275 cun.
518 233 558 273 Π
592 233 635 286 3,
677 233 725 273 21
777 231 991 284 adscripto
1031 227 1282 269 ostenditur.
1357 224 1565 265 incertum
1610 222 1752 262 autem
1795 220 1902 261 illud
1947 222 1990 260 et

301 319 456 359 vagum
491 305 786 345 laudationum
814 316 969 357 genus,
1008 300 1125 340 cuius
1160 295 1355 349 exempla
1387 292 1642 354 Tliomasius
1675 307 1713 346 p.
1749 291 1830 332 189
1864 290 1989 331 colle-

300 376 425 431 gitu,
465 392 489 416 a.
526 378 718 416 veterum
752 373 1007 426 scriptorum
1053 382 1169 409 more
1209 381 1293 406 non
1334 363 1554 417 abhorret,
1595 377 1731 416 neque
1765 360 1989 415 probabile

302 451 364 488 est
400 446 511 501 quod
543 446 617 486 ille
651 445 730 486 sibi
770 441 1032 497 persuasisse
1065 434 1294 491 videtur-²),
1334 433 1527 475 Servium
1559 433 1699 487 ipsum
1732 432 1989 485 scriptorum

301 519 474 559 nomina
518 532 611 557 cum
659 516 867 555 librorum
911 511 1048 552 titulis
1094 519 1471 557 commemorasse,
1508 518 1586 557 pro
1630 503 1696 544 his
1738 518 1763 543 a
1799 501 1989 543 librariis

301 588 515 643 generalia
560 586 716 627 indicia
759 583 900 638 posita
944 595 1046 622 esse.
1108 580 1157 618 ut
1198 575 1343 630 paucis
1387 573 1744 627 comprehendam
1787 586 1895 626 quae
1940 571 1990 612 de

300 659 645 699 testimoniorum
679 655 812 696 Servii
846 652 928 692 fide
968 651 1080 691 dicta
1113 650 1230 700 sunt,
1269 646 1384 687 omni
1423 645 1467 685 in
1507 643 1566 685 eis
1606 642 1858 684 adhibendis
1897 656 1990 683 cau-

302 731 418 771 tione
453 744 557 783 opus
592 730 665 769 est.

418 800 570 840 Restat
610 800 657 838 ut
697 809 935 837 sermonem
968 791 1104 833 Servii
1142 788 1288 843 paucis
1327 786 1578 828 describam.
1629 784 1706 839 qui,
1739 798 1813 838 per
1850 786 1991 826 totum

302 870 652 912 commenta-rium
686 866 875 921 aequalis
909 867 973 905 est
1013 866 1054 903 et
1087 861 1170 902 sibi
1203 860 1382 900 constat.
1433 859 1560 911 atque
1601 856 1637 896 si
1669 870 1694 896 a
1726 855 1866 896 verbis
1900 854 1988 908 qui-

301 942 480 982 busdam
526 936 1001 988 constructionibusque
1051 932 1296 982 verborum,
1346 929 1398 969 ab
1445 927 1692 980 incorrupta
1738 925 1860 966 latini
1908 939 1990 966 ser-

303 1013 439 1053 monis
467 1010 716 1065 integritate
744 1006 912 1059 alienis,
940 1004 1056 1045 illius
1096 1001 1250 1043 aetatis
1290 999 1549 1052 scriptorum
1575 993 1804 1051 propriis3>
1837 995 1992 1037 disces-

303 1085 422 1137 seris,
456 1083 691 1123 orationem
725 1076 996 1133 grammatici
1029 1074 1183 1115 exilem
1215 1072 1337 1113 illam
1381 1069 1553 1123 quidem
1593 1070 1635 1109 et
1667 1067 1782 1109 omni
1815 1069 1990 1108 ornatus

302 1168 457 1207 genere
489 1153 759 1204 destitutam,
792 1149 864 1190 sed
897 1146 1162 1202 perspicuam
1199 1146 1241 1184 et
1272 1155 1422 1196 puram
1450 1153 1541 1181 esse
1568 1139 1776 1193 invenies,
1808 1140 1856 1178 ut
1886 1152 1990 1191 pau-

304 1226 362 1265 cis
395 1225 499 1265 locis
533 1222 740 1276 exceptis,
774 1219 926 1274 quibus
953 1215 1132 1258 nimium
1153 1212 1366 1268 quoddam
1386 1210 1609 1252 brevitatis
1637 1209 1823 1251 studium
1853 1210 1991 1249 osten-

302 1296 433 1348 ditur,
467 1294 563 1348 quid
598 1292 783 1334 voluerit
809 1289 881 1330 ille
908 1288 1032 1329 facile
1054 1285 1340 1339 intellegatur.
1384 1281 1488 1322 illud
1510 1294 1676 1335 quoque
1708 1280 1751 1320 in
1784 1279 1991 1333 scriptore

303 1368 468 1407 infimae
496 1379 627 1420 prope
662 1362 815 1404 aetatis
848 1360 970 1401 laude
1004 1358 1180 1411 dignum
1224 1357 1305 1409 est,
1345 1353 1456 1408 quod
1494 1352 1745 1406 plerumque
1784 1353 1826 1391 et
1863 1349 1992 1390 verba

305 1440 401 1490 apte
434 1437 644 1477 collocata
671 1437 712 1474 et
746 1431 965 1473 enuntiata
998 1431 1097 1483 apte
1124 1428 1237 1468 inter
1270 1439 1314 1466 se
1340 1425 1485 1464 iuncta
1513 1424 1624 1463 sunt.
1675 1421 1855 1475 denique
1882 1434 1991 1461 com-

304 1507 560 1548 mentarium
594 1506 741 1558 legens
774 1502 861 1543 ludi
893 1500 1152 1555 magistrum
1185 1496 1331 1538 audire
1363 1494 1443 1536 tibi
1475 1493 1631 1534 videris
1658 1491 1862 1533 sermonis
1897 1491 1992 1531 sim-

302 1579 492 1632 plicitate
527 1579 567 1617 et
600 1574 903 1629 perspicuitate
942 1573 1069 1624 atque
1108 1565 1395 1622 praecipiendi
1436 1563 1618 1618 quadam
1652 1561 1880 1603 severitate
1911 1560 1993 1601 hoc

305 1649 485 1689 maxime
517 1648 742 1697 nitentem,
775 1646 822 1684 ut
855 1656 961 1696 quae
993 1638 1219 1681 tradiderit
1251 1635 1447 1689 discipuli
1478 1633 1604 1675 facile
1638 1635 1680 1674 et
1713 1632 1866 1673 animis
1899 1645 1991 1685 per-

308 1720 466 1773 cipiant
499 1720 539 1757 ct
572 1715 776 1757 memoria
809 1712 1160 1766 complectantur.

421 1790 480 1830 Ea
518 1803 623 1843 quae
658 1803 678 1828 e
710 1784 971 1840 plenioribus
1004 1781 1124 1822 libris
1158 1779 1310 1820 Petrus
1337 1776 1492 1818 Daniel
1524 1775 1687 1830 primus
1721 1773 1852 1815 edidit
1883 1773 1994 1814 inter

306 1876 348 1901 se
381 1861 473 1913 ipsa
507 1859 610 1899 satis
644 1855 869 1897 dissimilia
901 1856 1012 1894 sunt.
1062 1866 1161 1891 nam
1189 1852 1236 1890 ut
1260 1848 1375 1890 haud
1402 1862 1538 1901 pauca
1565 1846 1728 1888 scholia
1755 1860 1778 1885 a
1800 1842 1992 1885 Serviani

305 1929 599 1971 ‹mmmentarii
632 1926 868 1968 rationibus
902 1923 1026 1964 modo
1060 1920 1284 1974 descriptis
1318 1933 1406 1960 non
1432 1917 1686 1969 abhorrent,
1718 1916 1781 1956 ita
1813 1914 1898 1956 alia
1929 1929 1992 1955 re·
2037 1916 2041 1921 ’

305 2002 497 2042 conditae
530 1998 747 2041 doctrinae
775 1997 898 2050 plena
931 1996 1030 2035 sunt
1068 1995 1110 2033 et
1136 1992 1188 2033 ad
1213 1991 1435 2032 doctorum
1462 1989 1683 2030 hominum
1709 1986 1846 2040 magis
1867 2000 1993 2039 quam

305 2072 356 2112 ad
389 2070 722 2112 adulescentium
751 2067 891 2108 studia
913 2064 1150 2106 adiuvanda
1175 2062 1401 2117 pertinent.
1453 2059 1661 2102 sermonis
1688 2072 1854 2113 quoque
1880 2057 1994 2099 inae—

306 2143 489 2196 qualitas
511 2141 717 2196 quaedam
739 2138 934 2180 cernitur.
984 2134 1258 2176 inveniuntur
1285 2133 1397 2174 enim
1418 2146 1525 2186 quae
1551 2145 1637 2172 non
1659 2129 1798 2171 solum
1818 2130 1994 2182 propter

306 2228 446 2253 rerum
479 2210 802 2267 praestantiam,
836 2207 906 2247 sed
928 2206 1056 2247 etiam
1084 2207 1259 2258 propter
1282 2203 1488 2245 orationis
1514 2201 1711 2243 habitum
1739 2202 1780 2241 et
1808 2198 1992 2240 colorem

308 2284 357 2324 ad
387 2286 570 2324 aetatem
605 2280 806 2322 Serviana
846 2277 1106 2331 superiorem
1139 2275 1359 2316 referenda
1398 2289 1489 2315 esse
1527 2272 1750 2315 videantur
1784 2267 1853 2325 (cf.
1885 2284 1923 2323 p.
1957 2270 1994 2322 8,

313 2356 379 2408 193
416 2354 484 2406 13,
519 2354 561 2405 ὃ,
595 2352 667 2404 21,
704 2350 772 2402 173
812 2350 916 2401 4723,
955 2345 1046 2403 20),
1085 2346 1171 2387 alia
1208 2348 1256 2386 ut
1294 2359 1360 2386 res
1401 2344 1576 2398 cognitu
1615 2341 1888 2397 dignissimas
1928 2354 1994 2380 ex-

307 2424 455 2464 hibent
490 2423 549 2463 ita
581 2422 682 2462 rude
718 2424 759 2461 et
791 2419 999 2460 incultum
1025 2417 1192 2458 ‘dicendi
1225 2429 1358 2470 genus
1387 2414 1635 2467 ostendunt,
1661 2415 1708 2454 ut
1740 2410 1993 2465 antiquioris

309 2493 573 2549 grammatici
622 2491 930 2545 expositionem
976 2488 1175 2529 inferiore
1222 2488 1362 2527 aetate
1407 2485 1555 2526 nativa
1605 2482 1811 2525 orationis
1855 2481 1994 2522 forma

309 2564 503 2604 orbatam
531 2578 622 2603 osse
656 2564 871 2615 appareat.
913 2558 979 2614 (cf.
1014 2559 1117 2599 Aen.
1159 2557 1178 2597 I
1212 2557 1314 2608 305,
1351 2554 1391 2596 II
1425 2555 1499 2608 44,
1531 2554 1594 2595 III
1630 2553 1729 2607 148,
1767 2552 1852 2593 alia
1889 2565 1997 2606 quae

308 2634 492 2675 Thomas
526 2648 564 2686 p.
598 2633 652 2673 82
687 2637 727 2671 ct
758 2646 796 2684 p.
833 2630 913 2670 102
949 2643 1008 2682 sq.
1041 2623 1247 2681 collegit).

408 2804 439 2843 1)
466 2801 510 2835 ef.
539 2803 628 2835 Aen.
659 2801 669 2833 l
699 2802 763 2833 738
805 2799 861 2831 ‘ut
888 2796 1023 2830 Punica
1047 2796 1204 2829 testatur
1230 2795 1418 2838 historia'‚
1444 2794 1494 2828 III
1524 2797 1589 2827 104
1617 2793 1718 2827 ‘nam
1744 2790 1841 2834 apud
1868 2789 1996 2824 choro-

311 2854 470 2897 graplios
501 2852 690 2897 lteginms’,
718 2851 763 2884 Vl
794 2854 861 2884 ‘254
891 2848 967 2891 ‘qui
995 2848 1038 2881 dc
1061 2846 1210 2881 somniis
1233 2847 1483 2891 scripserunt’,
1509 2846 1558 2880 XI
1580 2849 1647 2880 284
1670 2844 1747 2888 ‘qui
1774 2842 1999 2887 scripserunt

312 2908 355 2939 ‹lc
383 2908 461 2940 arte
489 2905 670 2940 militari'.
815 2904 851 2945 2)
884 2914 917 2945 p.
947 2904 1011 2935 188
1041 2900 1105 2934 ‘...
1132 2899 1185 2933 les
1211 2899 1430 2934 indications
1462 2909 1601 2943 vagues
1633 2898 1670 2931 et
1695 2895 1907 2931 collectives
1932 2894 1995 2938 qui

312 2959 558 3002 rmnplaccnt,
598 2958 686 2991 dans
732 2958 835 2990 notre
875 2954 1034 2997 Vulgatc
1078 2952 1251 2995 aetuellc,
1290 2953 1342 2985 les
1375 2963 1478 2986 nonis
1510 2961 1662 2996 propres
1695 2959 1764 2992 que
1797 2947 1998 2982 donnaient

311 3011 571 3045 ‹wei-taiucnwnt
599 3009 745 3044 Servius
773 3020 817 3042 ou
845 3008 898 3041 los
925 3006 1232 3040 connnvntatcurs
1259 3005 1320 3047 qui
1347 3005 1438 3038 l'ont
1464 3003 1644 3048 pl·‹Sc<':de'.
1763 3001 1798 3044 3)
1826 3000 1870 3035 cf.
1898 3000 1995 3034 Tho-

314 3076 386 3097 nizls
414 3076 445 3107 p.
479 3067 539 3095 ΗΓ»
568 3074 642 3105 sqq.
