2204 3437
322 928 364 959 10

321 1283 362 1314 15

393 174 477 215 644
1155 173 1314 209 SERVII

511 283 606 324 722.
657 293 805 324 CAELo
850 293 1006 325 FAcms
1051 294 1258 325 DELAPSA
1302 294 1528 326 PARENTIS
1579 286 1652 325 aut
1696 285 1926 327 secundum
1972 286 2082 342 quod

392 367 521 408 supra
560 352 650 406 <IV
683 352 796 407 654>
835 353 1036 409 diximus,
1082 355 1182 409 quia
1227 354 1393 395 animae
1437 355 1601 396 caelum
1643 357 1808 410 tenent,
1854 356 2082 399 simulacra

391 438 491 465 vero
531 423 641 477 apud
679 423 838 466 inferos
877 428 994 467 sunt:
1039 428 1113 467 aut
1151 425 1203 466 ad
1242 439 1428 467 errorem
1465 426 1651 480 pertinet
1689 427 1860 481 somnii3
1903 442 2003 470 nam
2041 431 2084 470 et

392 493 514 536 ‘visa'
542 495 618 535 ait:
651 496 726 535 aut
753 497 865 536 certe
891 495 1192 550 intellegamus
1219 511 1244 536 a
1262 495 1364 537 Iove
1391 497 1568 537 missam
1594 498 1855 551 potestatem
1882 497 2083 554 aliquam,

392 580 497 620 quae
529 581 573 607 se
604 566 649 607 in
670 565 883 607 Anchisae
916 570 1181 608 converteret
1213 566 1397 621 vultum,
1428 569 1475 608 ut
1498 567 1709 620 religiosus
1732 568 1951 619 meleretum
1982 585 2083 611 nam

391 639 433 677 et
475 636 565 691 ipse
598 636 701 678 dicit
735 636 926 691 ‘imperio
960 637 1073 678 Iovis
1107 637 1188 677 huc
1222 636 1361 678 venio’
1395 640 1436 678 et
1469 637 1599 679 infert
1631 637 1929 694 ‘Elysiumque
1962 640 2083 683 oolo’.

511 708 605 749 725.
657 719 775 749 CARE
807 719 949 750 MAGIS
981 723 1059 762 pro
1094 707 1274 749 ‘carior’.
1335 708 1443 750 bene
1476 711 1620 750 autem
1652 709 1816 751 addidit
1847 709 1961 752 tdum
1993 712 2083 753 vita

392 778 633 820 manebat':
674 779 793 821 nulla
826 778 938 820 enim
973 781 1038 820 est
1069 779 1159 820 vita
1190 782 1290 833 post
1322 782 1523 821 mortem:
1560 784 1607 821 ut
1636 782 1818 822 ostendat
1845 782 1929 823 vita
1957 782 2084 834 f‘tcz'sse

390 850 598 891 cariorem.

511 921 605 963 726.
656 933 847 963 IMPERIO
881 932 1002 963 IOVIS
1042 921 1094 962 ab
1135 920 1411 975 auctoritate,
1448 923 1497 962 ut
1528 921 1617 975 <IV
1649 923 1763 977 268>
1795 924 1903 978 ipse
1941 924 2083 966 deum

390 992 486 1033 tibi
521 1006 593 1033 me
626 992 765 1033 claro
799 992 1023 1033 dimittit
1055 991 1270 1046 Olympo
1303 997 1543 1046 reynator.

510 1064 605 1105 7:28.
655 1075 835 1105 NAVTES
867 1075 960 1104 DAT
995 1075 1163 1106 SENIOR
1200 1066 1249 1105 ut
1286 1064 1397 1106 solet
1434 1064 1503 1106 hie
1543 1066 1679 1107 denuo
1712 1067 1854 1108 iisdem
1886 1082 1986 1108 usus
2020 1071 2083 1109 est

390 1135 673 1176 sermonibus:
712 1149 812 1176 nam
845 1135 906 1176 ait
938 1135 1079 1188 <704>
1112 1134 1226 1176 ‘tum
1258 1136 1400 1178 senior
1430 1135 1630 1178 Nautes’.

510 1206 605 1247 730.
655 1218 808 1255 ATQVE
841 1218 1017 1248 ASPERA
1058 1218 1206 1248 CVLTV
1246 1206 1358 1261 quod
1395 1207 1440 1247 in
1477 1221 1589 1248 nono
1622 1207 1762 1261 <600>
1795 1208 1925 1250 latius
1968 1223 2082 1250 exse-

391 1277 535 1332 quitur
560 1279 709 1318 natos
743 1277 802 1319 ad
834 1277 1053 1319 flumina
1085 1278 1302 1332 primum
1335 1277 1631 1332 deferimus,
1661 1292 1785 1331 usquc
1810 1283 1861 1320 at
1884 1280 2084 1332 patiens

388 1362 593 1401 operum.

509 1419 604 1462 731.
655 1431 970 1461 DEBELLANDA
1009 1432 1102 1461 TIBI
1147 1420 1243 1461 bello
1274 1422 1566 1473 perclomawdav.
1629 1424 1666 1462 et
1702 1420 1810 1463 bene
1847 1422 2083 1476 victoriam,

388 1506 474 1532 non
507 1491 621 1533 bella
653 1491 746 1533 sola
777 1490 1006 1545 praedicit,
1038 1490 1082 1531 in
1115 1491 1267 1545 quibus
1301 1505 1392 1532 esse
1424 1494 1595 1545 poterat
1625 1494 1774 1534 terror.

510 1563 604 1604 732.
655 1574 840 1604 AVERNA
872 1573 960 1603 PER
991 1573 1113 1602 ALTA
1152 1564 1200 1602 ut
1233 1560 1470 1616 ‘Gargarus
1493 1561 1734 1617 Gargara’,
1771 1566 1817 1604 ut
1855 1562 2083 1606 ‘Tartarus

390 1632 605 1684 Tartara'‚
638 1633 875 1675 ‘Maenalus
909 1631 1127 1675 Maenala’
1152 1633 1394 1686 pluraliter,
1430 1634 1490 1674 ita
1523 1633 1726 1676 ‘Avernus
1756 1634 1955 1678 Averna’.

510 1704 604 1745 733.
656 1715 751 1745 NON
783 1715 847 1745 ME
882 1716 1012 1745 IMPIA
1045 1715 1235 1754 NAMQVE
1268 1706 1442 1757 propter
1473 1703 1739 1747 facilitatem.

510 1775 605 1817 734.
656 1787 843 1817 AMOENA
872 1774 1080 1816 ‘amoena’
1109 1777 1208 1816 sunt
1239 1774 1335 1815 loca
1362 1774 1493 1816 solius
1520 1775 1754 1829 voluptatis
1784 1777 1929 1831 plena,
1962 1777 2084 1832 quasi

390 1846 607 1900 ‘amunia'‚
637 1846 747 1887 unde
779 1845 920 1886 nullus
952 1845 1116 1887 fructus
1151 1845 1404 1887 exsolvitur:
1439 1845 1547 1886 unde
1574 1847 1692 1887 etiam
1724 1846 1833 1888 nihil
1865 1850 2083 1901 praestan-

389 1920 454 1959 tes
488 1916 713 1959 ‘inmunes'
746 1931 959 1958 vocamus.

511 1989 605 2030 735.
656 1999 831 2030 PIORVM
858 1999 1076 2030 CONCILIA
1103 1999 1396 2038 ELYSIVMQVE
1429 2000 1547 2030 cono
1582 1988 1761 2043 elysium
1795 1992 1860 2031 est
1892 1990 1965 2031 ubi
1996 1990 2083 2044 pio-

389 2075 484 2101 rum
523 2060 688 2101 animae
726 2059 927 2100 habitant
966 2062 1066 2113 post
1105 2059 1295 2113 corporis
1330 2060 1581 2114 animaeque
1621 2060 1936 2102 discretionem:
1974 2061 2082 2103 unde

391 2133 432 2172 et
467 2129 705 2172 ‘interitus'
738 2130 891 2171 dicitur
923 2145 990 2171 res
1024 2129 1176 2172 ‘inter’
1211 2130 1399 2171 animam
1432 2133 1473 2171 et
1505 2145 1657 2185 corpus
1691 2130 1919 2174 ‘veniens'.
1981 2145 2081 2186 ergo

391 2202 569 2256 elysium
603 2197 688 2243 ἀπὸ
721 2201 798 2255 τῆς
828 2198 1017 2253 λύσεως,
1055 2201 1105 2242 ab
1136 2201 1403 2242 absolutione:
1447 2201 1560 2255 quod
1597 2202 1826 2243 secundum
1857 2206 2007 2257 poetas
2039 2203 2082 2244 in

390 2272 530 2314 medio
564 2271 797 2313 inferorum
824 2275 889 2313 est
916 2271 1004 2312 suis
1036 2271 1315 2313 felicitatibus
1348 2272 1539 2326 plenum,
1571 2274 1619 2313 ut
1644 2272 1733 2325 <VI
1754 2273 1866 2326 641>
1900 2274 2082 2315 solem—

484 2404 527 2434 22
555 2411 710 2435 amoena
739 2429 744 2434 .
769 2429 773 2434 .
797 2428 801 2433 .
831 2399 1019 2444 vocamus]
1052 2398 1095 2433 cf.
1124 2399 1204 2434 lsid.
1233 2410 1282 2434 or.
1310 2398 1393 2434 XIV
1419 2404 1451 2444 8,
1479 2404 1521 2434 33
1547 2401 1559 2445 11
1589 2404 1632 2435 25
1659 2400 1812 2445 elysium
1840 2404 1895 2436 cst
1920 2413 1948 2438 e.
1976 2415 2008 2447 q.
2037 2404 2080 2449 s.]

392 2448 433 2482 cf.
462 2448 646 2492 mythogr.
675 2447 725 2482 III
752 2452 783 2487 6,
805 2452 825 2481 4
1137 2457 1144 2462 ·

486 2571 505 2600 '2
533 2566 634 2611 quia]
663 2566 724 2609 qui
752 2565 791 2599 F
813 2568 824 2610 ΙΙ
853 2571 871 2599 5
901 2565 1046 2600 uidetur
1073 2565 1120 2605 F,
1146 2577 1233 2599 corr.
1256 2566 1393 2600 Daniel
1416 2567 1428 2609 Η
1456 2569 1476 2599 8
1502 2566 1605 2600 nulla
1632 2593 1638 2599 .
1668 2595 1674 2600 .
1703 2593 1710 2599 .
1737 2568 1893 2601 mortem
1919 2577 1983 2602 om.
2011 2567 2050 2601 F
2072 2568 2083 2611 Η

393 2613 470 2648 vita
502 2614 652 2648 Daniel:
677 2613 776 2647 uitae
802 2613 848 2646 F.
888 2616 969 2655 fort.
997 2612 1076 2647 vita
1102 2624 1183 2646 eum
1210 2614 1221 2656 ΙΙ
1250 2616 1291 2646 10
1317 2613 1363 2647 ad
1391 2613 1648 2648 auctoritatem
1677 2613 1716 2647 F
1736 2615 1748 2657 ΙΙ
1782 2618 1821 2648 11
1849 2613 1918 2649 tibi
1943 2625 2001 2648 me
2028 2615 2082 2649 F:

420 2673 449 2696 bi

394 2708 502 2742 timet
529 2708 569 2740 Ν
602 2707 710 2742 timot
736 2708 817 2741 LH
853 2706 999 2741 tibimet
1027 2707 1072 2740 M
1100 2708 1111 2751 ΙΙ
1148 2707 1302 2741 dimittit
1329 2708 1413 2741 FN
1448 2708 1482 2742 d.
1509 2708 1591 2741 Lu
1599 2709 1646 2741 M
1675 2708 1686 2752 ΙΙ
1724 2707 1888 2752 olimpho
1916 2707 1956 2742 F
1990 2719 2020 2743 a.
2049 2719 2079 2743 a.

395 2756 432 2797 (i.
461 2766 487 2789 c.
518 2755 577 2789 ‘ab
604 2755 713 2798 (ὥθ’)
743 2755 880 2789 LHM
909 2756 920 2799 ΙΙ
951 2756 1126 2798 regnatur
1152 2754 1190 2788 F
1218 2755 1229 2797 ΙΙ
1269 2758 1309 2788 1⁶2
1338 2755 1395 2789 hic
1422 2755 1556 2800 denuo]
1581 2755 1774 2801 fsifdemsss')
1798 2755 1831 2788 L
1857 2766 1936 2789 cum
1961 2754 1978 2788 s
1999 2755 2043 2789 ab
2070 2756 2082 2789 Z

392 2803 567 2845 scriptam
593 2803 639 2836 sit
665 2806 696 2836 et
722 2803 766 2837 ab
793 2803 908 2837 eodem
928 2814 964 2835 m
990 2802 1123 2844 factum
1146 2813 1188 2835 ω’
1209 2814 1246 2842 n,
1274 2802 1333 2836 hic
1361 2802 1480 2836 denuo
1508 2806 1612 2836 antea
1637 2803 1749 2845 fuisse
1774 2805 1935 2845 apparet.
1974 2803 2081 2836 tertia

395 2860 523 2883 manus
547 2851 563 2882 1
589 2849 647 2883 hic
674 2849 794 2884 denuo
820 2860 991 2893 super-scr.
1013 2850 1025 2893 ΙΙ
1048 2853 1087 2882 13
1115 2850 1200 2882 tunc
1226 2849 1303 2882 XL
1314 2849 1409 2882 HM
1426 2850 1438 2892 ΙΙ
1460 2853 1502 2883 14
1528 2849 1720 2893 exequitur
1738 2849 1835 2883 HM
1851 2850 1863 2892 ΙΙ
1884 2853 1925 2883 17
1951 2849 2078 2891 perdo-

395 2895 529 2930 manda
555 2896 710 2931 Daniel:
736 2896 1027 2941 perdominando
1055 2896 1093 2929 F
1109 2896 1120 2939 ΙΙ
1152 2900 1192 2929 18
1219 2896 1297 2930 sola
1322 2907 1386 2931 om.
1414 2896 1480 2941 Fu
1499 2896 1680 2940 praecidit
1704 2896 1743 2929 X
1760 2898 1772 2940 Η
1792 2900 1831 2929 21
1860 2895 2077 2930 facilitatem

394 2943 496 2977 NH:
523 2942 740 2978 felicitatem
762 2943 912 2985 FLM,
939 2944 998 2977 sed
1025 2942 1107 2977 elici
1134 2943 1173 2976 in
1201 2954 1270 2978 ras.
1292 2944 1303 2977 l
1321 2945 1332 2987 ΙΙ
1352 2947 1395 2977 22
1419 2955 1561 2977 AMOENA
1581 2956 1610 2977 ι).
1631 2943 1680 2977 M
1693 2945 1705 2988 ΙΙ
1725 2947 1767 2977 23
1795 2942 1942 2977 amunia
1967 2943 2079 2988 unde]

394 2990 614 3035 as'syf'munico
640 2991 736 3025 unde
762 2991 804 3024 N
838 2990 998 3025 animum
1022 2989 1162 3024 coundc
1183 2990 1225 3023 H
1240 2990 1252 3034 11
1271 2990 1323 3023 nil
1344 2991 1440 3024 HM
1456 2991 1468 3034 ss
1487 2995 1529 3025 27
1552 2990 1722 3025 interitur
1741 2990 1780 3024 F
1795 2990 1807 3034 Η
1827 2989 1997 3024 eneniens
2014 2990 2054 3024 F
2069 2995 2079 3035 Η

396 3040 437 3070 28
466 3036 619 3080 elysium
648 3049 713 3073 om.
743 3038 783 3071 H
810 3039 822 3082 ΙΙ
859 3038 988 3082 apotes
1014 3037 1134 3081 lyseus
1162 3036 1202 3071 F
1236 3039 1364 3080 apotes
1390 3037 1532 3072 liserios
1557 3038 1635 3071 NL
1678 3036 1819 3071 liserios
1845 3036 1889 3070 Η
1927 3048 1998 3092 apo
2025 3038 2079 3071 tes

394 3083 544 3126 lyserios
573 3085 618 3118 M
656 3086 668 3128 ΙΙ
705 3081 779 3119 ἀπὸ
808 3085 871 3128 τῆς
897 3082 1049 3129 λύσεως]
1084 3095 1169 3118 nam
1203 3086 1239 3118 ct
1272 3084 1323 3117 sic
1350 3084 1530 3119 diffinitur
1555 3095 1653 3119 mors
1678 3084 1800 3128 ψυχῆς
1826 3083 1888 3117 καὶ
1914 3095 2080 3128 σωματος

394 3127 494 3170 λύσις
521 3132 602 3166 add.
631 3132 668 3166 I)
692 3133 704 3176 ΙΙ
733 3143 754 3166 a
781 3131 963 3167 solutione
991 3132 1196 3166 Masvz'cius
1215 3132 1359 3176 primus

2197 257 2204 470 i

2196 3044 2204 3268 .‹—.-...-—-.,
2198 2983 2204 3031 ...-.
2200 2924 2204 2930 .
2201 2838 2204 2857 ..
2200 2803 2204 2807 Α
