2132 3354
318 139 437 172 XVIII
1020 135 1302 171 PRAEFATIO.

319 247 491 287 modum
523 260 606 287 non
639 230 787 299 tenuit,
819 245 879 286 ita
905 244 1040 287 Servii
1073 243 1422 285 consuetudinem
1454 255 1540 282 non
1572 241 1678 282 Satis
1711 243 1908 283 accurate
1933 242 2005 283 ob-

318 317 515 357 servavit.
585 317 694 371 quod
734 319 782 357 ut
820 315 1027 369 exemplis
1060 314 1327 366 confirmem,
1372 311 1544 353 Servius
1576 325 1674 353 sane
1706 313 2005 354 coniunctione

316 387 529 429 interdum
561 403 660 429 usus
695 389 769 440 est,
803 390 929 440 atque
967 386 1029 426 ita
1061 388 1108 426 ut
1140 399 1207 425 res
1242 384 1575 436 adiungerentur
1607 397 1713 437 quae
1744 397 1830 424 non
1860 383 2005 439 negle-

316 458 478 512 gendae
512 458 782 510 videbantur,
824 457 957 498 veluti
989 472 1028 510 p.
1063 457 1098 508 7,
1131 456 1205 508 233
1256 455 1323 507 14,
1356 454 1401 507 8,
1443 454 1517 506 40,
1553 453 1605 494 10
1637 456 1681 493 et
1716 454 1786 509 193
1828 454 1904 508 48,
1939 455 2005 495 19.

314 529 516 570 nimirum
548 529 753 583 distingui
787 528 922 569 voluit
949 527 1185 568 orationem
1218 539 1353 579 neque
1387 523 1473 565 ‘et’
1507 523 1692 564 ‘autem'
1726 523 1910 566 etamen'
1942 525 2004 565 ni-

315 600 447 641 mium
479 601 637 641 iterari.
687 614 785 639 nam
813 599 932 639 verbi
959 598 1100 652 gratia
1130 597 1244 637 inter
1276 595 1518 637 esciendum
1551 594 1672 636 sane’
1707 597 1749 636 et
1780 594 1845 636 ‘et
1870 595 2003 637 scien-

314 670 434 711 dum'
473 671 538 712 vel
579 670 816 710 ‘sciendum
853 668 1018 710 autem'
1059 668 1125 709 vel
1164 666 1407 708 ‘sciendum
1447 665 1614 707 tamen'
1653 665 1754 720 quid
1793 666 2001 707 interest}>

313 744 460 782 contra
492 740 695 794 plenioris
729 739 1024 781 commentarii
1059 741 1204 779 auctor
1237 737 1321 778 dici
1353 737 1424 778 vix
1449 738 1596 790 potest
1622 739 1828 791 quantum
1856 752 2002 791 quam—

313 827 393 866 que
433 812 610 853 moleste
648 825 745 853 sanc
784 811 889 851 illud
929 810 981 850 ad
1022 824 1155 851 novas
1194 809 1572 863 interpretationes
1607 807 1820 849 Servianis
1859 808 2002 849 adiun-

312 883 471 936 gendas
503 881 857 937 frequentaverit:
891 895 998 935 quae
1030 879 1291 934 vituperatio
1319 893 1468 920 vereor
1501 881 1549 919 ut
1574 879 1757 920 multum
1784 879 2002 920 minuatur

312 954 347 994 si
381 955 473 1008 quis
508 954 672 1008 aliquot
704 953 808 994 locis
842 951 1184 993 coniunctionem
1217 950 1336 991 illam
1369 950 1422 990 ad
1448 949 1631 1004 Vergilii
1662 951 1794 991 verba
1824 950 1875 992 de
1908 950 2000 1005 qui-

310 1025 387 1065 bus
422 1024 682 1078 explicandis
712 1024 854 1078 agitur
881 1022 1146 1063 referendam
1174 1036 1265 1063 esse
1294 1020 1462 1074 dixerit,
1495 1022 1542 1060 ut
1568 1035 1689 1061 suam
1715 1021 1801 1062 vim
1827 1021 1998 1075 habeat,

300 1096 350 1136 'id
385 1099 449 1136 est
480 1100 527 1136 ut
559 1096 664 1135 bene
699 1110 742 1135 se
769 1094 925 1135 habere
954 1108 1060 1147 quae
1087 1095 1215 1146 poeta
1241 1091 1461 1146 scripserit
1487 1091 1770 1134 confirmetur.
1810 1094 1997 1134 ceterum

308 1167 452 1220 paucis
500 1167 602 1207 locis
646 1179 743 1207 sarm
781 1163 938 1217 delevi,
976 1163 1110 1204 veluti
1142 1163 1246 1204 Aen.
1280 1162 1319 1203 V
1356 1162 1456 1215 144,
1498 1161 1571 1202 ubi
1602 1161 1708 1203 haec
1739 1164 1805 1203 est
1837 1161 1996 1203 Floria-

308 1238 443 1278 censis
476 1237 683 1278 memoria
716 1251 869 1277 BJJJ'GO
896 1248 972 1288 pro
1005 1233 1237 1287 ‘biqcmmm'
1256 1247 1367 1286 ⁴nove
1397 1233 1516 1274 (lixit.
1566 1246 1664 1274 sane
1695 1235 1733 1274 et
1761 1232 1833 1274 hoc
1863 1233 1996 1274 celeri-

308 1309 402 1349 tatis
434 1312 510 1349 esz‘:
544 1308 683 1360 plures
714 1309 822 1349 emim
853 1322 892 1349 se
924 1307 1166 1360 impediunt,
1201 1320 1221 1346 e
1255 1305 1409 1360 quibus
1442 1304 1547 1345 haec
1572 1306 1742 1345 tantum
1773 1307 1810 1345 et
1837 1304 1927 1345 hoc.
1949 1337 1986 1345 ..

307 1381 530 1433 impedient&
561 1379 727 1433 vulgati
759 1378 861 1420 libri
894 1379 1064 1419 liabent.
1116 1392 1216 1418 nam
1249 1376 1300 1417 de
1331 1374 1634 1430 intellegendis
1667 1377 1819 1430 poetae
1851 1375 1993 1417 verbis

305 1450 410 1492 adeo
443 1465 527 1491 non
561 1451 832 1492 consentiunt
864 1451 945 1491 duo
978 1449 1045 1490 1111
1076 1447 1349 1503 grammatici
1383 1461 1563 1501 quorum
1597 1445 1760 1487 scholia
1787 1447 1996 1502 congluti-

303 1525 407 1562 nata
439 1524 554 1574 sunt,
593 1525 640 1562 ut
670 1536 767 1563 seme
798 1521 903 1562 illud
936 1535 1110 1574 prorsus
1143 1520 1336 1573 ineptum
1371 1518 1445 1558 sit:
1491 1517 1601 1558 alter
1634 1518 1747 1558 enim
1781 1516 1994 1573 ‘biiugum

304 1592 538 1634 certamen'
573 1596 685 1634 recte
719 1593 841 1634 docet
879 1607 971 1633 esse
1004 1591 1222 1646 ‘bigarum
1256 1587 1505 1642 certamen’,
1550 1588 1660 1629 alter
1693 1589 1875 1630 absurde
1910 1588 1994 1630 ‘bi-

301 1678 454 1704 norum
481 1678 679 1704 curruum
706 1662 954 1704 certamen'.
1003 1664 1226 1717 praeterea
1252 1660 1508 1702 monendum
1534 1673 1626 1700 esse
1653 1659 1774 1701 video
1797 1659 1992 1702 Servium

301 1734 374 1774 ubi
419 1734 468 1775 de
500 1733 686 1786 Vergilii
730 1733 871 1774 verbis
916 1732 1247 1786 interpretandis
1288 1733 1361 1772 aut
1400 1730 1450 1771 de
1489 1729 1574 1770 alia
1611 1743 1655 1770 re
1693 1729 1912 1772 dubitaret
1951 1733 1993 1772 et

300 1804 440 1857 ipsum
474 1805 641 1859 quidem
676 1804 763 1845 evel
796 1803 929 1845 certe'
963 1804 1029 1844 vel
1062 1802 1157 1843 taut
1189 1801 1323 1844 certe'
1355 1800 1569 1855 posuisse,
1610 1800 1682 1841 sed
1720 1802 1991 1854 paucissimis

300 1874 405 1915 locis
439 1876 624 1929 exceptis
646 1874 702 1929 (p.
728 1875 821 1927 125,
845 1876 915 1927 14,
952 1875 1045 1928 127,
1070 1873 1140 1927 11)
1168 1873 1241 1926 ita,
1266 1875 1315 1913 ut
1342 1870 1458 1913 ‘aut'
1485 1870 1552 1911 vel
1580 1869 1690 1912 ‘vel’
1717 1872 1991 1925 praecederet

300 1943 357 1998 (p.
390 1945 515 2013 SORS
550 1949 591 1986 et
627 1946 697 2000 143
734 1945 826 1998 105,
859 1945 933 1998 23,
970 1944 1070 1998 122,
1106 1945 1177 1998 10,
1213 1943 1312 1997 123,
1348 1942 1419 1997 18,
1456 1942 1556 1994 131,
1592 1941 1662 1995 193
1700 1943 1800 1997 176,
1831 1940 1891 1998 4).
1952 1943 1989 1985 is

299 2015 371 2068 qui
404 2016 638 2069 pleniorem
672 2016 1025 2056 commentarium
1058 2014 1301 2068 composuit
1334 2028 1429 2054 eam
1460 2026 1550 2052 rem
1582 2026 1667 2053 non
1700 2014 1883 2068 curavit,
1916 2014 1989 2056 sed

299 2083 394 2126 ‘aut
426 2084 560 2126 certe’
594 2089 635 2126 et
668 2084 755 2127 evel
784 2085 918 2127 certe'
953 2085 1203 2139 saepissime
1237 2083 1439 2125 addendis
1472 2082 1683 2136 praefixit,
1716 2084 1886 2125 etiamsi
1917 2099 1987 2125 ne-

298 2169 377 2208 que
411 2155 526 2197 ‘aut'
558 2171 693 2210 neque
726 2155 836 2197 ‘vel’
870 2157 912 2197 in
944 2156 1122 2211 vulgato
1157 2155 1319 2196 scholio
1352 2155 1587 2195 invenerat.

95 2219 268 2243 Daniffino'
416 2226 481 2267 Ea
500 2227 741 2281 pleniorum
761 2227 966 2268 librorum
988 2227 1153 2268 scholia
1181 2240 1286 2280 quae
1309 2225 1360 2266 ad
1380 2224 1563 2279 Vergilii
1589 2225 1730 2279 verba,
1753 2225 1803 2266 de
1831 2226 1986 2280 quibus

97 2262 161 2278 runi
182 2255 265 2279 scho-

84 2290 269 2315 ¹1⁰¹ffl¹¹¹¹⁰¹¹
298 2297 339 2335 in
378 2297 643 2338 brevioribus
677 2298 798 2339 libris
831 2298 940 2339 nihil
973 2298 1226 2339 adnotatum
1259 2298 1335 2350 est,
1367 2295 1586 2349 pertinent
1619 2310 1722 2336 num
1758 2297 1861 2337 olim
1892 2296 1986 2338 Ser-

85 2325 168 2349 nulla
180 2326 215 2349 ad
227 2326 269 2350 in-

102 2362 245 2389 ¹⁰¹'¹'r‘'t‘³⁵
296 2367 410 2408 viani
449 2369 745 2409 commentarii
783 2368 942 2409 fuerint
980 2383 1067 2409 non
1097 2368 1264 2409 videtur
1303 2366 1428 2408 aliter
1461 2366 1685 2407 diiudicari
1717 2381 1862 2422 posse,
1900 2367 1985 2408 nisi

95 2396 197 2419 Servio
220 2404 269 2420 nn·

84 2431 270 2492 ,gviffffgss‘ssstssfn
294 2438 356 2478 ita
388 2441 434 2479 ut
466 2438 650 2491 primum
682 2442 910 2493 quaeratur
941 2434 1043 2480 num
1076 2439 1344 2493 reperiantur
1375 2438 1488 2478 inter
1520 2451 1568 2477 ea
1602 2451 1709 2490 quae
1736 2437 1899 2479 idoneis
1932 2438 1983 2479 de

295 2509 433 2549 causis
466 2509 517 2549 ad
550 2509 656 2550 alios
690 2510 944 2563 interpretes
978 2510 1169 2551 revocari
1202 2509 1386 2563 possint,
1433 2507 1580 2549 deinde
1629 2507 1839 2549 brevioris
1872 2522 1984 2550 com-

295 2579 493 2619 mentarii
526 2580 713 2620 rationes
747 2582 1015 2633 exponantur
1047 2582 1089 2621 et
1116 2594 1209 2621 cum
1237 2579 1538 2620 additiciorum
1566 2578 1827 2620 scholiorum
1853 2578 1982 2620 ratio-

292 2649 417 2690 nibus
451 2652 758 2702 comparentur.
796 2665 893 2691 nam
927 2651 986 2691 eis
1021 2665 1128 2704 quae
1162 2650 1297 2691 adhuc
1329 2650 1379 2690 de
1406 2648 1645 2690 Danielinis
1679 2649 1981 2690 additamentis

293 2719 405 2759 dicta
437 2722 536 2760 sunt
572 2734 716 2760 eorum
751 2720 940 2761 codicum
972 2720 1244 2773 testimoniis,
1277 2720 1430 2774 quibus
1466 2720 1635 2761 brevior
1667 2723 1835 2761 tantum
1869 2734 1980 2761 com-

294 2790 529 2830 mentarius
558 2789 706 2830 Servio
739 2790 954 2843 tribuitur,
987 2792 1155 2831 tantum
1182 2790 1281 2831 fidei
1307 2792 1508 2843 paratum
1535 2804 1626 2831 esse
1654 2804 1788 2844 spero,
1820 2793 1869 2831 ut
1894 2803 1981 2831 non

293 2861 376 2901 iam
404 2860 631 2901 verendum
659 2860 726 2913 sit,
752 2874 803 2900 ne
830 2862 989 2901 temere
1017 2874 1141 2914 agere
1167 2861 1311 2902 videar
1338 2862 1373 2902 si
1400 2860 1609 2902 scholium
1636 2859 1808 2915 aliquod
1834 2862 1979 2900 utrum

294 2930 425 2972 Servii
461 2946 512 2971 an
546 2930 654 2971 alius
687 2930 933 2983 interpretis
967 2930 1023 2971 sit
1056 2931 1194 2971 causis
1229 2945 1249 2971 e
1271 2930 1463 2973 Serviani
1491 2929 1786 2972 commentarii
1811 2930 1978 2972 ratione

292 3001 437 3052 petitis
471 3001 691 3053 explsunre
724 3000 864 3041 velim.
916 3004 1103 3041 ceterum
1134 3001 1243 3042 hanc
1276 3001 1571 3055 quaestionem
1605 3000 1657 3042 ad
1688 3000 1852 3054 reliqua
1879 3015 1978 3054 quo-

292 3084 369 3122 que
404 3071 789 3112 additamentorum
823 3083 979 3124 genera
1011 3070 1224 3123 pertinere
1258 3075 1445 3125 apparet.
