2204 3437
571 179 719 217 COMM.
747 178 797 212 IN
823 177 964 211 VER-G.
992 176 1102 211 AEN.
1129 175 1173 209 ΙΙ.
1202 178 1397 209 608-616.
1743 171 1827 212 309

138 292 210 332 sed
241 290 476 332 novitatem
509 286 758 339 adfectavit,
795 284 913 326 nulla
944 284 1123 336 cogente
1156 281 1423 322 necessitate.
1486 294 1587 320 sane
1619 280 1663 319 in
1694 279 1829 320 nomi-

135 362 279 414 nibus,
321 375 428 415 quae
468 363 510 401 et
547 357 721 414 propria
759 369 850 398 esse
888 354 1068 407 possunt
1110 354 1153 392 et
1191 350 1470 404 appellativa,
1515 351 1559 389 ut
1596 347 1828 388 ‘liberalis’

136 431 269 473 ‘felix’
297 429 550 483 ‘iuvenalis’7
578 428 790 470 ablativus
813 440 837 466 a
856 423 1030 478 proprio
1056 422 1100 462 in
1127 420 1179 462 ee'
1209 421 1312 474 exit,
1339 421 1392 461 ab
1415 419 1674 473 appellativo
1702 418 1747 458 in
1772 417 1830 459 Ὗ.

254 502 351 543 611.
402 517 544 547 oia-mr
568 499 756 551 concutit,
788 498 999 538 conmovet.

255 572 352 613 612.
401 588 494 612 [two
513 586 654 612 scAEAs
673 583 903 610 SAEVJSSJMA
924 581 1066 607 PORTAS
1094 563 1263 616 quidam
1294 563 1380 603 ideo
1405 562 1607 602 Iunonem
1638 560 1712 601 lias
1738 573 1830 612 por-

137 647 199 685 tas
236 643 407 684 tenuisse
443 642 663 694 accipiunt,
700 640 797 692 qnia
835 651 923 679 eam
959 635 1141 687 fatorum
1177 633 1394 674 arbitrium
1431 632 1588 684 volunt,
1626 634 1662 672 ct
1695 631 1831 682 fatum

133 715 217 767 fnit
257 714 313 755 ad
353 713 521 754 coeitinm
567 709 713 752 Troiae
754 723 830 763 per
871 708 945 748 lias
985 708 1130 759 portas
1172 717 1316 756 eqzntm
1356 702 1569 744 introduci.
1692 716 1833 742 samiis

129 786 300 839 priscas.
420 793 690 824 SAEVISSIMA
724 793 828 834 quae
862 782 903 819 et
933 777 1081 831 fugam
1112 774 1300 816 vetabat.

255 855 352 896 613.
402 864 572 895 SOCIVM
604 851 686 892 sibi
719 850 932 891 devotum.
1051 856 1229 887 FVRENS
1262 844 1464 885 irascens.

256 925 352 966 614.
402 939 583 965 Aconvcm
620 922 665 963 id
700 923 758 962 est
792 921 974 968 amicata,
1010 917 1108 970 qnia
1144 916 1236 968 ipsa
1273 918 1329 956 est
1366 913 1537 967 Curitis,
1580 917 1617 954 et
1652 913 1724 954 sub
1761 913 1832 954 lioc

136 997 299 1039 nomine
327 995 492 1036 interest
516 993 651 1042 bellis;
683 1005 782 1032 nam
806 991 892 1031 ideo
918 988 966 1041 <I
990 988 1071 1041 16>
1102 987 1178 1028 liic
1208 987 1353 1028 illias
1383 999 1521 1026 arma
1551 984 1627 1025 liic
1658 997 1833 1025 carrus

135 1068 245 1120 fnit.
308 1063 526 1107 ‘accincta’
569 1064 676 1104 enim
718 1061 844 1113 eferro
881 1057 1080 1112 armata'‚
1120 1061 1167 1099 nt
1203 1056 1291 1110 <XI
1321 1056 1435 1109 486>
1473 1055 1691 1108 einyitar
1730 1055 1832 1107 ipse

135 1139 308 1191 furens
338 1135 562 1177 certatim
592 1134 643 1174 in
666 1131 865 1185 proelia
899 1130 1106 1170 Turnus.
1321 1132 1323 1134 '

257 1205 353 1248 615.
403 1223 478 1247 IAM
497 1207 727 1257 praeterea,
764 1205 811 1243 ut
839 1202 937 1242 iam
968 1213 1088 1253 quae
1118 1198 1386 1240 seminibus
1418 1197 1565 1238 iactis
1596 1209 1642 1237 sc
1671 1198 1831 1236 snstn-

138 1281 198 1322 lit
227 1278 381 1319 arbos.
500 1291 620 1317 ARCES
650 1274 831 1315 ordinem
864 1271 1014 1313 tenuit:
1045 1271 1233 1323 primam
1266 1268 1445 1322 ‘mmosss
1483 1268 1623 1309 deinde
1655 1264 1833 1318 ‘poitasss

129 1353 225 1404 post
260 1346 434 1397 ‘arces';
476 1360 502 1387 a
533 1345 663 1400 nngris
700 1344 808 1385 enim
845 1343 890 1383 in
927 1355 1059 1383 arcem
1096 1341 1379 1382 convertendas
1415 1343 1471 1381 est
1501 1341 1606 1379 totns
1643 1338 1813 1389 impetus
1821 1350 1833 1385 ;

138 1422 183 1463 ob
213 1419 285 1460 hoe
315 1421 449 1459 autem
482 1414 622 1457 ‘arces'
654 1415 869 1456 BIinervae
898 1414 1068 1466 dantur,
1109 1412 1217 1464 qnod
1252 1412 1343 1463 ipsa
1375 1412 1431 1452 sit
1460 1409 1664 1450 inventrix
1694 1407 1834 1460 aedifi-

139 1493 310 1544 ciormn,
350 1492 397 1529 ut
432 1487 606 1529 Pallas
645 1498 765 1538 qaas
803 1484 1025 1526 condidit
1060 1496 1212 1533 arces,
1254 1485 1291 1523 et
1327 1482 1426 1534 qnia
1462 1493 1624 1521 summa
1659 1492 1836 1531 quaeque

131 1561 313 1616 possidet
351 1558 564 1611 sapientia.
618 1559 831 1609 yffaeterea
874 1555 918 1595 in
962 1554 1091 1606 capite
1120 1566 1213 1594 esse
1255 1553 1425 1601 dic-itum
1470 1551 1617 1592 idcireo
1661 1549 1836 1590 ereditur

132 1632 269 1686 patris
299 1629 413 1670 Iovis
443 1628 571 1681 eapite
598 1630 799 1681 yenerata.
921 1635 1146 1666 TRITONIA
1178 1634 1351 1664 PALLAS
1384 1621 1618 1663 notandum
1649 1620 1730 1660 duo
1764 1634 1834 1660 an-

139 1700 410 1744 tonomasiva
441 1702 537 1740 sant
567 1698 658 1739 sine
689 1696 862 1751 proprio
887 1696 1061 1737 nomine.
1112 1697 1154 1735 et
1180 1697 1245 1735 est
1276 1693 1433 1734 nimiae
1464 1690 1708 1733 iracundiae
1741 1705 1836 1731 cum

140 1773 314 1824 dicitur,
360 1784 619 1824 quamquam
663 1769 774 1809 irata
816 1767 873 1808 sit
912 1766 1103 1819 Graecis,
1145 1778 1413 1818 nequaquam
1454 1766 1599 1804 tamen
1637 1760 1836 1802 Troianis

140 1856 330 1898 parcere3
362 1841 464 1882 licet
495 1840 540 1881 in
569 1839 752 1880 historia
784 1838 942 1878 lectum
977 1836 1050 1890 sit,
1082 1835 1376 1876 vehementius
1403 1834 1560 1875 iratam
1585 1831 1837 1884 Minervam,

143 1913 254 1968 quod
279 1914 377 1966 post
396 1910 619 1952 victoriam
647 1909 685 1951 ei
713 1908 950 1950 sacrificare
976 1906 1208 1959 noluerint,
1235 1908 1282 1946 ut
1301 1904 1510 1946 Horatius
1537 1918 1643 1945 cum
1663 1901 1836 1943 Pallas

141 1986 256 2026 usto
290 1983 450 2024 vertit
481 1981 607 2030 iram
640 1980 698 2021 ab
730 1979 832 2020 Ilio
865 1978 916 2018 in
953 1976 1145 2031 inpiam
1177 1976 1352 2017 Aiacis
1390 1977 1561 2016 ratem.
1682 1989 1840 2015 RESPIGE

141 2056 304 2097 dicendo
330 2052 505 2106 ‘respice'
532 2051 717 2101 ostendit,
742 2063 830 2091 vere
855 2050 941 2090 iam
967 2048 1181 2105 caliqinem
1201 2047 1250 2087 ab
1270 2046 1395 2087 oeulis
1414 2046 1499 2086 eius
1519 2058 1599 2086 esse
1623 2043 1837 2085 sublatam.

261 2125 358 2166 616.
407 2140 565 2166 INSEDIT
591 2123 689 2164 adeo
725 2122 853 2168 irata,
890 2123 937 2161 at
971 2121 1065 2160 ante
1101 2117 1342 2159 sacerdotem
1372 2116 1432 2158 ibi
1463 2113 1742 2157 Cassandram
1773 2114 1837 2155 de-

238 2233 281 2263 14
306 2228 396 2274 iam]
423 2239 548 2273 georg.
575 2227 608 2261 II
629 2230 671 2261 57
692 2227 703 2270 ΙΙ
726 2229 766 2260 18
793 2208 934 2269 Pallas]
961 2223 1042 2257 buc.
1068 2222 1103 2255 H
1124 2225 1165 2257 61
1187 2222 1263 2266 1124
1288 2220 1481 2265 Horatius]
1510 2219 1615 2264 epod.
1644 2219 1675 2252 X
1704 2223 1744 2253 13
1758 2230 1836 2262 sqq.

240 2328 257 2358 1
285 2322 503 2367 adfectavit]
529 2319 755 2356 desideravit
780 2318 819 2352 E
842 2320 872 2362 (1
897 2316 1088 2351 affectauit
1112 2326 1287 2360 saperscr.
1311 2316 1341 2356 e)
1365 2315 1377 2359 ΙΙ
1404 2313 1574 2358 cogente]
1602 2313 1735 2356 agente
1762 2312 1806 2345 H
1826 2312 1836 2346 ³}

145 2378 165 2407 3
191 2372 238 2406 ab
264 2368 509 2415 appellativo]
537 2367 702 2402 ablatiuo
723 2366 756 2399 L
782 2365 843 2409 (ab
863 2363 1091 2408 adpellatiuo
1113 2364 1137 2405 l)
1163 2362 1367 2407 apellatiuo
1389 2362 1432 2395 Η
1446 2363 1457 2405 ΙΙ
1477 2365 1498 2394 4
1524 2361 1571 2394 ad
1597 2371 1627 2393 v.
1650 2363 1835 2393 611—613

146 2418 290 2463 Quatit]
318 2416 496 2459 concutit⁷
524 2414 718 2450 conmouet
743 2412 968 2456 (conmouit).
1021 2410 1168 2455 Scaeas]
1196 2409 1346 2454 priscas.
1391 2407 1544 2452 Furens]
1572 2407 1741 2440 irascens.
1772 2405 1807 2438 P

149 2470 190 2500 10
217 2466 265 2500 ad
289 2476 321 2499 υ.
349 2468 416 2499 614
441 2462 618 2497 Accincta
642 2459 831 2504 (accinta)]
858 2459 895 2492 id
921 2460 979 2492 est
1003 2458 1160 2499 armata,
1187 2456 1285 2500 quod
1309 2456 1391 2500 ipsa
1417 2456 1472 2489 est
1499 2453 1662 2497 curritis,
1695 2454 1737 2486 ut
1764 2452 1838 2486 ‘hic

145 2513 246 2547 illius
277 2522 396 2554 arma,
429 2510 490 2545 hic
523 2520 658 2544 currus.
690 2507 725 2541 P
761 2508 868 2550 (inter
893 2505 975 2549 ipsa
1001 2508 1032 2538 et
1058 2503 1203 2538 curritis
1230 2504 1366 2537 Daniel
1393 2503 1448 2537 est
1480 2502 1643 2536 omittens
1669 2501 1838 2534 lammam

145 2559 340 2601 indicavit,
372 2569 480 2602 quam
505 2556 699 2600 Scioppius
731 2555 771 2588 in
797 2553 836 2587 F
836 2553 977 2587 ‘aldensi
1007 2553 1062 2586 leis
1087 2552 1288 2595 suppletam
1320 2561 1389 2584 esse
1421 2549 1609 2584 adnotavit
1641 2547 1727 2590 quia
1759 2546 1839 2590 ipsa

148 2608 202 2641 est
227 2605 381 2640 currulis
408 2606 445 2639 et
469 2604 535 2638 sub
561 2604 632 2637 hoc
650 2601 799 2636 nomine
825 2628 832 2636 .
855 2628 862 2634 .
887 2628 893 2635 .
920 2600 958 2634 in
984 2598 1125 2643 proelia
1145 2598 1306 2639 Turnus,
1332 2608 1422 2641 qaae
1444 2595 1681 2631 Gommeltmcs
1695 2594 1840 2637 primus

147 2654 240 2697 falso
261 2656 344 2696 post
367 2651 553 2686 introduci
580 2651 657 2695 (lin.
686 2650 720 2693 7)
748 2647 956 2690 collocavit.)
977 2648 988 2690 ΙΙ
1017 2645 1150 2680 Curitis
1175 2645 1315 2688 scripsi.
1360 2646 1404 2687 ef.
1431 2644 1479 2678 ad
1505 2643 1595 2677 Aen.
1626 2642 1636 2675 l
1664 2646 1701 2675 8:
1729 2640 1838 2674 curri-

147 2700 196 2735 tis
216 2700 251 2733 P
285 2699 440 2734 currulis
462 2698 491 2733 G
507 2699 518 2742 11
540 2702 583 2731 14
603 2698 651 2731 ad
670 2708 701 2730 υ.
723 2698 790 2730 615
816 2694 910 2739 Iam]
938 2694 1146 2738 praeterea,
1172 2693 1215 2726 ut
1242 2692 1332 2726 ‘iam
1358 2702 1451 2734 quae
1478 2689 1677 2724 seminibus
1702 2687 1837 2721 iactis².

148 2747 276 2792 Aroes]
307 2746 390 2780 ideo
416 2745 605 2779 Mineruae
632 2744 802 2778 dicuntur
834 2752 928 2784 esse,
960 2740 1057 2784 quod
1089 2739 1172 2784 ipsa
1203 2738 1251 2773 sit
1281 2737 1466 2772 inuentrix
1497 2735 1765 2776 aedificiorum,
1799 2736 1840 2767 ut

151 2794 290 2828 ‘Pallas
315 2804 405 2837 quas
431 2791 596 2827 condidit
621 2791 748 2824 arces⁷.
791 2787 959 2823 Tritonia
984 2787 1126 2832 Panas]
1153 2786 1224 2820 duo
1252 2784 1533 2820 antonomasiua
1560 2781 1839 2826 (antenomosia)

151 2842 236 2876 sunt
261 2840 338 2875 sine
363 2839 511 2884 proprio
537 2838 694 2872 nomine.
718 2837 779 2880 Pu
799 2839 843 2870 20
869 2833 1125 2869 antonomasia
1150 2834 1183 2867 L
1209 2831 1504 2875 (antonomasiua
1530 2831 1585 2873 1)ss
1611 2834 1653 2862 22
1681 2839 1839 2871 nequam

149 2888 183 2922 L
208 2889 312 2931 (corr.
339 2888 362 2931 l)
383 2888 394 2930 ΙΙ
414 2891 458 2920 24
484 2885 582 2929 quod
607 2884 642 2919 ei
666 2885 752 2928 post
776 2882 970 2917 uictoriam
998 2881 1202 2915 sacrificare
1231 2880 1278 2914 M
1295 2881 1306 2923 ΙΙ
1325 2878 1485 2913 noluerit
1511 2877 1551 2911 ll
1587 2874 1772 2909 noluerint
1797 2886 1840 2909 ew

150 2935 347 2969 noluerunt
372 2934 410 2967 Ε
433 2935 444 2977 Ι]
472 2936 516 2967 25
542 2931 651 2976 iram]
680 2942 781 2965 aram
806 2930 876 2973 Hll
900 2929 984 2973 Ilio]
1012 2928 1077 2962 illo
1103 2928 1145 2961 Η
1167 2929 1180 2972 Η
1204 2927 1294 2961 iacis
1321 2928 1437 2960 ratam
1466 2925 1503 2957 ΙΙ
1528 2926 1539 2967 ΙΙ
1570 2927 1612 2956 27
1641 2923 1689 2956 ad
1713 2933 1745 2955 v.
1773 2926 1839 2956 616

152 2981 287 3015 Nimbo
326 2980 520 3025 effulgens]
557 2979 653 3012 nube
692 2977 828 3011 diuina.
886 2977 942 3010 est
979 2975 1076 3010 enim
1114 2974 1298 3018 fuigidum
1335 2971 1545 3016 (fuluidum)
1583 2970 1724 3012 lumen,
1769 2980 1839 3012 quo

153 3028 304 3062 deorum
337 3027 461 3071 capita
498 3027 694 3070 cinguntur
732 3024 962 3068 (tinguntur).
1014 3022 1078 3056 alii
1106 3021 1261 3055 ‘limbo'
1297 3019 1378 3063 (sub
1404 3018 1573 3059 limbum)
1606 3016 1767 3061 legunt.
1795 3043 1802 3050 .
1832 3044 1838 3050 .

152 3076 264 3110 ueste.
315 3074 362 3108 Et
387 3075 477 3117 (aut)
503 3072 673 3118 Gorgone
700 3071 826 3116 saeua]
854 3070 918 3104 aut
943 3069 1053 3104 etiam
1083 3098 1089 3104 .
1119 3096 1126 3102 .
1154 3096 1160 3102 .
1188 3067 1426 3101 mutarentur.
1477 3075 1631 3108 quarum
1656 3064 1840 3107 (quorum)

153 3120 278 3165 capita
302 3121 468 3155 Minerua
493 3120 626 3154 dicitur
652 3119 862 3163 amputasse
887 3128 931 3151 ac
957 3127 1020 3151 suo
1047 3115 1213 3150 adfixisse
1239 3112 1381 3158 pectori
1406 3112 1594 3156 (pectore).
1622 3110 1657 3144 P

1856 566 1875 597 5

1860 919 1901 948 10

1862 1272 1903 1302 15

1862 1625 1905 1655 20
