2132 3354
283 130 348 164 XX
979 127 1264 163 PRAEFATIO.

284 239 364 280 late
394 252 522 292 reyem
554 238 726 291 belloque
755 238 969 291 superbum
1000 240 1213 278 ventarum
1244 237 1395 278 excidio
1427 236 1581 289 Libyae
1610 237 1668 278 sic
1697 237 1848 278 volvere
1870 250 1970 290 par-

284 309 371 351 αἵδ’
397 310 442 351 ‘in
462 309 587 350 Probi
613 309 806 362 adpmzete'
830 311 927 349 sant
951 312 986 349 et·
1015 308 1317 349 calnotamlam:
1343 306 1387 347 1ιὶ
1411 308 1488 348 cluo
1513 307 1550 347 sz'
1575 307 1818 357 eximantur,
1844 307 1972 348 nihilo

284 381 422 421 minus
461 394 600 421 sensus·
640 381 789 433 mtegser
819 380 904 420 erit.
971 380 1039 420 secl
1076 378 1276 431 Vorffc'lius
1316 380 1430 418 amat
1467 377 1585 418 aliud
1619 391 1740 431 ayens
1780 379 1888 419 exire
1927 379 1974 419 in

286 451 423 492 laudes
440 451 586 503 populi
604 450 786 491 Romani
812 465 888 503 pro
914 450 1193 491 adnotandam
1221 448 1424 490 ediderim
1443 449 1693 489 adnotatum.
1726 463 1750 489 a
1771 447 1972 503 Scioppio

285 521 327 561 id
360 521 578 561 inventum
612 535 702 561 esse
735 520 833 574 dixi,
866 521 937 561 sed
971 523 1200 575 antequam
1234 519 1322 560 eius
1354 519 1509 560 librum
1542 518 1793 572 inspicerem
1827 519 1887 561 sic
1920 520 1972 560 ab

286 606 334 633 eo
375 592 446 646 qui
479 592 609 632 Probi
649 591 905 633 sententiam
939 591 1134 645 exposuit
1165 591 1373 644 scriptum
1405 605 1497 631 esse
1529 589 1637 630 mihi
1667 603 1975 643 persuaseram.

289 677 387 703 nam
421 662 501 703 etsi
532 677 618 703 non
649 662 802 716 ignoro
835 662 878 702 in
911 661 1233 703 Veronensibus
1267 661 1441 702 scholiis
1474 661 1754 702 adnotandum
1784 664 1841 702 est
1870 660 1975 702 illud

287 733 466 774 inveniri
507 731 576 787 (cf.
607 732 669 773 IX
702 733 805 785 402,
838 731 876 772 X
909 732 963 773 63
997 735 1039 773 et
1071 729 1190 787 207),
1227 734 1372 772 tamen
1413 734 1454 772 et
1487 730 1598 785 apud
1632 729 1824 772 Servium
1859 733 1901 772 et
1932 731 1974 772 in

286 803 549 858 plenioribus
588 803 708 844 libris
748 818 842 844 cum
876 803 1170 844 memorabilis
1205 802 1413 856 quaedam
1446 817 1512 843 res
1545 802 1760 856 profertur
1790 816 1868 856 pro
1901 802 1977 842 illa

287 875 472 916 formula
497 875 717 915 notandwn
740 876 797 914 est
826 873 982 914 vidisse
1015 887 1082 914 me
1114 872 1300 913 memini.
1339 873 1486 914 deinde
1520 887 1666 914 omnes
1700 871 1811 927 quod
1844 873 1978 914 sciam

288 945 546 986 scholiastae
579 945 667 985 sivc
699 945 978 986 adnotandum
1009 948 1066 985 est
1097 944 1183 985 sive
1216 945 1440 985 notandum
1471 948 1529 985 est
1558 946 1806 998 posuerunt,
1838 944 1977 985 infini-

287 1020 377 1058 tam
411 1016 668 1057 sententiam
702 1017 775 1056 aut
809 1014 960 1069 ‘quod’
989 1017 1063 1056 aut
1089 1013 1231 1069 ‘quia'
1265 1015 1382 1069 sequi
1416 1015 1654 1056 voluerunt.
1707 1017 1855 1056 contra
1874 1014 1979 1056 Aen.

288 1087 349 1127 IV
381 1087 465 1128 418
498 1086 603 1127 haec
634 1086 768 1126 habes
801 1085 959 1127 Probas
990 1099 1087 1127 sanc
1117 1086 1174 1127 sio
1205 1087 1415 1127 adnotavit
1446 1085 1503 1127 (δι’
1533 1086 1640 1127 hanc
1671 1099 1829 1127 versum
1861 1086 1978 1127 omit-

290 1161 383 1198 teret
413 1157 556 1198 melius
584 1156 759 1208 fece'sset’
793 1158 835 1198 et
865 1156 904 1196 X
937 1157 1021 1197 673
1054 1156 1186 1209 Asper
1219 1155 1407 1209 ‘quosne’
1442 1157 1535 1210 legit
1564 1160 1601 1197 ct
1630 1157 1841 1198 adnotavit
1873 1155 1979 1197 “226²

285 1242 362 1281 pro
395 1226 478 1269 ‘vo'
511 1228 630 1280 qnasi
661 1228 858 1280 expletiva*
887 1226 1113 1280 particula’
1160 1229 1202 1267 et
1244 1227 1327 1267 XII
1360 1227 1445 1268 605
1489 1227 1648 1269 Probus
1685 1228 1743 1269 sic
1774 1228 1985 1268 adnotavit

291 1298 550 1340 ‘neotericam
582 1301 669 1339 erat
699 1297 881 1351 qflavos’,
925 1311 1014 1349 erqo
1047 1298 1139 1339 bene
1172 1297 1358 1350 eslot-03⁷:
1408 1312 1507 1339 ozam
1551 1299 1731 1351 sequitur
1771 1297 1822 1339 ‘et
1846 1311 1980 1339 roseas

290 1370 449 1411 laniata
485 1368 632 1423 yenas'
673 1384 704 1409 e.
738 1384 775 1422 q.
810 1384 840 1409 s.
891 1368 1036 1423 itaque
1069 1369 1200 1409 verba
1232 1383 1338 1422 quae
1372 1371 1473 1410 sunt
1503 1369 1546 1410 ln·
1577 1370 1675 1410 (Zao.
1697 1403 1704 1410 .
1727 1369 1886 1422 .popali
1905 1368 1981 1410 Ro-

289 1441 405 1481 mam·
442 1440 576 1494 ipsius
609 1439 738 1480 Probi
778 1453 869 1480 esse
910 1439 1126 1493 existim03
1170 1454 1270 1480 nam
1309 1440 1503 1493 paenitet
1541 1454 1607 1481 me
1647 1439 1760 1494 quod
1795 1455 1844 1481 ea
1878 1454 1986 1494 quae

291 1513 391 1551 sunt
421 1511 490 1552 secl
527 1510 727 1563 Vergyc'le'as
746 1543 753 1550 .
775 1543 783 1550 .
805 1543 812 1549 .
829 1523 923 1562 pop.
955 1509 1073 1551 Rom.
1113 1524 1219 1563 quae
1259 1512 1357 1550 ante
1397 1510 1580 1551 diductis
1614 1511 1772 1552 litteris
1806 1510 1987 1564 exprimi

292 1582 516 1634 iusseram,
560 1581 622 1621 ita
660 1580 755 1620 dedi
794 1582 1016 1634 tamquam
1051 1581 1140 1621 eius
1174 1583 1317 1621 essent
1350 1581 1421 1634 qui
1454 1581 1585 1623 Probi
1618 1582 1880 1623 sententiam
1913 1582 1988 1622 im-

290 1652 472 1707 pugnari
510 1651 654 1703 vellet,
700 1665 795 1692 cum
836 1651 1089 1704 praesertim
1132 1651 1293 1692 locutio
1337 1666 1445 1705 quae
1488 1654 1553 1693 est
1586 1651 1720 1693 ‘exire
1763 1653 1808 1693 in
1839 1651 1986 1694 laudes

292 1722 504 1776 alicuius’,
555 1737 638 1776 qua
672 1721 961 1770 Quintilianus
1008 1718 1127 1777 (inst.
1167 1736 1224 1762 or.
1257 1721 1318 1762 XI
1338 1722 1472 1776 2,11)
1504 1737 1606 1764 usus
1642 1725 1718 1777 est,
1752 1723 1988 1777 elegantior

296 1794 370 1846 sit,
415 1808 542 1847 quam
587 1795 634 1833 ut
678 1792 892 1833 inferioris
940 1791 1094 1833 aetatis
1139 1792 1397 1833 scholiastae
1448 1793 1676 1834 tribuatur.
1751 1794 1987 1835 rectissime

295 1866 437 1905 autem
477 1878 570 1904 meo
611 1863 779 1917 quidem
818 1862 972 1904 iudicio
1012 1862 1275 1904 Ribbeckius
1319 1861 1444 1917 (prol.
1477 1879 1515 1917 p.
1552 1862 1655 1920 152)
1699 1864 1750 1905 ad
1789 1879 1825 1906 v.
1859 1865 1911 1905 21
1947 1867 1989 1905 et

294 1936 350 1975 22
384 1950 408 1975 a
441 1933 580 1975 Probo
613 1933 784 1974 obelum
816 1948 910 1974 cum
944 1936 1102 1987 puncto
1135 1933 1380 1987 adpositum
1413 1949 1588 1989 eamque
1620 1937 1769 1976 notam
1802 1935 1984 1989 explica-

293 2008 381 2046 tam
421 2019 511 2045 esse
550 2004 713 2045 statuit.
781 2004 1006 2045 dubitabat
1044 2004 1244 2045 nimirum
1284 2005 1589 2059 grammaticus
1629 2008 1771 2047 utrum
1805 2005 1986 2047 tollendi

296 2078 438 2117 essent
470 2075 534 2116 illi
567 2089 711 2116 versus
743 2089 894 2116 necne:
927 2089 1025 2116 nam
1059 2078 1105 2116 ut
1138 2075 1320 2130 demptis
1354 2076 1414 2117 eis
1449 2090 1619 2117 sensum
1651 2077 1868 2131 integrum
1895 2091 1986 2118 esse

298 2146 489 2199 videbat,
529 2146 589 2186 ita
626 2149 797 2199 poetam
832 2146 1209 2200 quotienscumque
1244 2147 1409 2188 occasio
1444 2147 1590 2188 oblata
1623 2149 1735 2188 esset
1767 2146 1810 2187 in
1842 2147 1988 2188 laudes

295 2217 440 2270 populi
472 2216 655 2257 Romani
689 2217 825 2257 exisse
857 2231 943 2257 non
976 2216 1214 2271 ignorabat.
1279 2232 1328 2257 ex
1360 2217 1427 2258 his
1462 2232 1569 2272 quae
1602 2218 1686 2258 dixi
1721 2217 1850 2258 simul
1883 2217 1989 2258 illud

297 2287 573 2340 intellegitur,
607 2302 734 2341 quam
766 2302 851 2328 non
885 2287 1101 2329 adsentiar
1134 2287 1310 2342 Steupio
1345 2286 1414 2344 (de
1448 2288 1600 2330 Probis
1632 2304 1670 2342 p.
1692 2288 1885 2343 31sqq.>‚
1918 2289 1990 2343 qui

299 2373 391 2399 cum
420 2356 614 2398 Suetonii
635 2358 943 2411 testimonium⁷
964 2357 1149 2398 Probum
1172 2358 1397 2413 Berytium
1430 2360 1567 2401 multa
1600 2359 1861 2413 exemplaria
1893 2374 1989 2400 con-

297 2431 437 2469 tracta
470 2428 696 2469 adnotasse
729 2428 959 2482 narrantis,
991 2429 1052 2469 ita
1084 2429 1391 2483 interpretatus
1426 2433 1554 2484 esset,
1588 2430 1710 2484 quasi
1742 2432 1865 2471 notas
1898 2432 1990 2471 tan-

298 2501 391 2540 tum
425 2499 694 2551 adposuisset
720 2500 1039 2553 grammati011S‚
1072 2500 1290 2541 uberiores
1318 2500 1615 2542 adnotationes
1642 2501 1797 2543 minori
1824 2501 1991 2542 cuidam

298 2569 457 2621 Probo7
502 2583 626 2622 quem
666 2568 777 2610 haud
818 2570 879 2610 ita
918 2570 1052 2610 multo
1094 2573 1191 2623 post
1224 2570 1446 2624 Berytium
1487 2571 1618 2612 fuisse
1656 2571 1797 2626 finxit,
1827 2572 1991 2613 tribuit.

299 2639 347 2679 cf.
381 2639 592 2679 Kirchner
624 2639 649 2679 l.
685 2639 709 2680 l.
756 2654 794 2693 p.
831 2640 915 2680 498
939 2654 1027 2693 sqq.
1096 2641 1168 2681 sed
1201 2644 1250 2682 ut
1283 2656 1332 2682 ea
1364 2656 1472 2696 quae
1505 2656 1526 2683 e
1558 2642 1748 2696 pleniore
1782 2657 1991 2684 commen-

299 2709 409 2751 tario
443 2724 536 2750 cum
570 2709 712 2763 aliqua
745 2710 1052 2763 probabilitate
1086 2711 1136 2751 ad
1157 2711 1344 2753 'Probum
1377 2712 1525 2753 referri
1558 2712 1781 2754 videantur
1813 2727 1991 2754 comme-

300 2794 473 2833 morem,
505 2779 701 2820 Donatus
735 2781 785 2820 ad
819 2780 912 2821 Ter.
945 2780 1117 2822 Phorm.
1149 2781 1190 2822 II
1224 2783 1249 2821 3
1297 2783 1351 2824 25
1393 2782 1524 2824 ‘male
1557 2782 1695 2838 loqui'
1727 2783 1833 2824 haec
1865 2782 1991 2824 adno-

300 2850 410 2891 tavit
437 2863 513 2902 fflo
547 2849 672 2891 ‘male
702 2849 863 2892 (liceo-0⁹.
912 2853 948 2890 ct
977 2851 1136 2903 qaaerit
1155 2851 1312 2894 Probus
1343 2854 1434 2906 quis
1459 2856 1552 2894 ante
1575 2853 1806 2893 Terentium
1831 2853 1991 2894 dixerit.

304 2920 470 2961 videtur
509 2920 642 2973 igitur
673 2920 838 2962 Probus
879 2935 1051 2973 operam
1091 2921 1254 2963 dedisse
1287 2927 1333 2964 ut
1366 2924 1460 2978 quis
1494 2924 1655 2977 primus
1688 2922 1893 2964 vocabulo
1928 2923 1993 2963 vel

302 2990 514 3031 locutione
556 2991 696 3045 aliqua
735 3006 835 3032 usus
869 2993 981 3031 esset
1014 2992 1356 3046 investigaretur.
1407 2994 1531 3035 huius
1564 2993 1694 3034 studii
1725 2993 1768 3033 in
1801 2992 1992 3046 pleniore

303 3061 610 3102 commentario
652 3062 755 3102 satis
795 3062 929 3102 multa
971 3064 1113 3103 extare
1155 3064 1334 3117 vestigia
1375 3063 1717 3120 Wollenbergius
1751 3061 1819 3118 (de
1851 3063 1992 3105 Probo
