2204 3437
419 148 505 189 466
1180 146 1339 182 SERVII

417 270 545 310 siqu-a
581 257 700 298 dictis
735 256 912 299 versibus
941 256 1133 310 probavit
1163 255 1252 297 ‘ille
1283 268 1388 297 meos
1417 253 1601 308 qninnts’
1634 259 1671 297 et
1702 256 1871 309 reliqua.
1930 270 2000 299 nee
2031 257 2106 310 fla-

417 327 524 368 mini
554 328 684 369 aliam
713 329 853 369 ducere
884 328 1025 369 licebat
1053 341 1229 377 uxorem,
1260 327 1344 368 nisi
1367 330 1463 379 post
1492 330 1659 368 mortem
1683 327 1916 380 flaminicae
1945 330 2107 371 uxoris:

417 399 526 451 quod
553 400 777 452 expeditur,
821 399 920 451 quia
951 402 1047 452 post
1083 401 1250 440 mortem
1289 397 1469 439 Didonis
1506 398 1729 439 Lauiniam
1765 400 1898 454 (luxit,
1934 404 1971 441 et
2005 401 2112 454 quod

416 470 604 523 subrepta
634 470 693 511 vel
723 473 876 511 retenta
901 469 1052 512 Creusa
1083 483 1130 511 ex
1155 469 1284 522 ipsius
1308 482 1461 522 quoque
1486 469 1730 521 confessione
1756 473 1792 511 et
1811 471 2110 523 praedicatione

372 549 391 580 5
418 541 530 594 reqia
554 544 710 594 parata
738 541 885 593 suerit:
917 555 993 594 quo
1026 541 1187 582 nullum
1211 540 1424 593 piaculum
1453 540 1540 592 fore
1571 541 1844 583 denuntiatur.

535 612 604 653 30.
662 623 804 653 SINVM
842 624 1061 654 LAemMis
1100 623 1321 652 lMPLEVIT
1367 623 1562 653 OBORTIS
1607 611 1724 653 sinus
1763 612 1941 654 dicimus
1985 613 2109 655 orbes

418 683 649 737 oculorum,
681 683 724 724 id
758 686 822 725 est
864 683 1105 737 palpebras,
1145 697 1252 737 quae
1292 697 1317 723 a
1355 683 1638 736 palpitatione
1678 683 1816 725 dietae
1857 686 1973 725 sunt:
2010 699 2111 726 nam

418 768 585 808 semper
617 757 853 795 moventur.
916 752 1144 808 ‘implevit’
1179 757 1322 794 autem
1354 753 1460 807 ideo,
1492 753 1593 808 quia
1624 753 1827 796 lacrimae
1859 755 2110 810 plerumque

419 839 464 865 se
495 824 609 866 intra
642 825 786 867 oeulos
819 826 977 866 tenent.
1042 827 1085 865 et
1116 825 1223 865 bene
1263 823 1487 877 praemisit
1526 825 1844 867 excusationem
1882 826 1950 867 his
1990 827 2111 868 lacri-

349 904 389 934 10
421 896 502 936 mis
542 897 945 938 commemoratione
990 896 1148 950 prioris
1196 895 1354 950 mariti,
1397 896 1516 948 quasi
1553 899 1719 949 prepter
1756 897 1952 938 maritum
1989 898 2111 950 fleret,

424 981 514 1008 cum
545 981 682 1009 amore
712 971 866 1021 coqente
899 969 1143 1010 lacrimaret.

540 1038 607 1079 31.
658 1051 783 1079 ANNA
816 1051 995 1080 REFERT
1030 1039 1132 1080 mire
1162 1039 1318 1080 videtur
1345 1039 1582 1096 intellexisse
1608 1038 1756 1089 Anna,
1788 1039 1888 1091 quid
1911 1040 1990 1080 sibi
2019 1053 2111 1081 sua-

421 1110 507 1151 deri
544 1109 657 1151 vellet
696 1109 819 1150 Dide.
887 1113 924 1150 et
955 1109 1149 1150 suasoria
1181 1112 1246 1150 est
1279 1108 1394 1150 omni
1428 1111 1551 1163 parte
1583 1109 1727 1163 plena:
1760 1124 1858 1150 nam
1886 1112 1927 1151 et
1952 1114 2111 1165 purgat

423 1180 601 1234 obieeta,
635 1182 675 1221 et
709 1180 896 1222 ostendit
927 1180 1182 1233 utilitatem,
1221 1182 1263 1220 et
1294 1195 1318 1221 a
1355 1180 1510 1221 timore
1549 1180 1789 1234 persuadet.
1850 1184 1887 1221 et
1922 1194 2019 1222 usus
2057 1185 2114 1223 est

363 1259 402 1289 15
430 1255 524 1304 apte
557 1264 700 1292 causae
723 1252 952 1304 principie:
985 1265 1083 1292 nam
1108 1265 1197 1292 cum
1223 1252 1382 1304 aliquid
1399 1254 1564 1304 propter
1588 1264 1661 1292 nos
1677 1252 1866 1305 petimus,
1892 1252 2116 1294 benivolum

424 1323 536 1364 nobis
567 1336 657 1363 eum
687 1323 758 1375 qui
788 1323 905 1363 audit
933 1322 1065 1374 facere
1101 1323 1304 1372 clcbemus;
1343 1336 1433 1363 cum
1464 1323 1509 1364 in
1547 1323 1684 1364 aliena
1714 1336 1839 1363 causa
1875 1324 2114 1364 sententiam

423 1394 603 1443 dicimus,
635 1407 708 1435 nos
739 1394 803 1435 illi
834 1393 1033 1434 benivolos
1064 1393 1247 1435 debemus
1284 1384 1501 1445 ostendere,
1540 1396 1586 1434 ut
1620 1393 1815 1434 habeatur
1852 1394 1969 1435 dictis
2004 1394 2113 1446 fides.

414 1467 634 1518 postquam
664 1456 791 1517 iqitur
821 1464 983 1506 dicendo
1016 1463 1053 1505 εο
1086 1464 1170 1506 luce
1201 1465 1332 1518 maqis
1362 1465 1507 1506 dilecta
1537 1463 1680 1506 soreri'
1713 1465 1885 1506 ostendit
1907 1465 2012 1507 nihil
2036 1466 2116 1507 sib-i

422 1550 556 1577 sorore
587 1549 667 1576 esse
698 1536 850 1585 carius,
881 1549 1085 1577 summam
1122 1536 1182 1576 rei
1205 1536 1343 1588 ponit,
1380 1550 1436 1576 an
1466 1536 1632 1589 niqatiae
1667 1536 1877 1587 faciendae
1919 1537 2003 1578 sint
2041 1535 2114 1578 ‘so-

354 1614 397 1644 20
425 1607 516 1648 lane
549 1609 745 1659 perpetua
792 1620 973 1648 maerens
1017 1620 1179 1660 carpere
1221 1606 1415 1657 iueenta’,
1463 1608 1552 1648 inde
1584 1610 1726 1659 partes
1765 1608 1843 1648 rei:
1880 1621 1907 1648 a
1936 1621 2115 1660 persona

423 1677 621 1731 Didonis,
652 1691 725 1732 an,
757 1678 855 1730 quia
886 1678 1086 1719 maritum
1110 1678 1353 1731 perdiderit,
1385 1678 1517 1719 alium
1547 1679 1724 1731 accipere
1755 1678 1889 1719 debeat
1921 1665 2114 1720 ‘idcine-

425 1763 508 1790 rem
539 1752 612 1789 (cut
642 1761 780 1790 manes
811 1749 937 1790 credis
968 1762 1111 1790 curare
1147 1747 1372 1801 sepultos'?
1427 1762 1453 1789 a
1483 1762 1661 1801 persona
1697 1749 1857 1790 Aeneae
1899 1742 2116 1803 ‘placitone

423 1821 545 1861 etiam
569 1819 776 1873 puqnabis
807 1818 993 1860 cinzeri’?
1025 1834 1052 1860 a
1078 1819 1158 1861 loco
1192 1818 1281 1861 enec
1305 1820 1413 1860 venit
1440 1820 1481 1860 in
1506 1823 1675 1861 mentem
1701 1834 1873 1873 quorum
1898 1822 2116 1863 consederis

424 1890 556 1933 areis’
589 1905 615 1932 a
648 1892 789 1932 timore
822 1890 941 1944 equid
972 1891 1074 1932 bella
1108 1891 1215 1944 Tyro
1249 1892 1457 1944 sumentia
1488 1892 1620 1932 (licam
1642 1893 1904 1945 qermanique
1934 1891 2116 1934 minas'?

355 1969 399 1999 ·25
426 1977 452 2003 a
483 1976 608 2004 causa
639 1965 675 2003 et
704 1962 879 2003 utilitate
911 1961 1049 2015 ‘quam
1082 1965 1123 2003 tu
1157 1961 1292 2003 urbem
1322 1975 1437 2003 soror
1467 1962 1572 2004 lame
1597 1962 1781 2004 cernes'?
1819 1977 1845 2003 a
1883 1964 1997 2005 modo
2031 1962 2115 2005 ein-

426 2034 542 2087 dulqe
573 2033 743 2086 hospitio
775 2046 993 2086 causasque
1024 2034 1175 2074 innecte
1206 2032 1438 2075 morandi’:
1482 2048 1537 2075 an
1568 2035 1689 2075 etiam
1723 2035 1765 2075 id
1787 2035 1847 2075 (lii
1871 2036 1962 2087 fieri
1986 2035 2118 2089 velint,

418 2119 495 2158 per
525 2105 793 2146 coniecturam
827 2103 927 2146 ‘diis
960 2105 1141 2157 equidem
1172 2104 1403 2157 auspicibus
1436 2118 1524 2146 reor
1554 2108 1591 2146 et
1620 2104 1780 2146 Iunone
1810 2104 2017 2147 secunda’.

521 2262 540 2291 6
568 2256 667 2291 sinus
693 2285 700 2291 .
728 2285 735 2291 .
765 2284 769 2289 .
798 2256 1004 2301 moventur]
1034 2268 1144 2291 exscr.
1172 2256 1253 2290 Isid.
1283 2267 1332 2291 or.
1360 2256 1409 2290 XI
1439 2260 1468 2299 1,
1495 2260 1538 2290 39

522 2403 538 2432 1
565 2398 712 2432 flamine
739 2398 778 2432 F
806 2399 818 2442 ΙΙ
849 2402 868 2431 3
896 2398 994 2442 quod
1019 2398 1211 2442 expeditur
1239 2426 1245 2432 .
1273 2427 1279 2432 .
1310 2428 1316 2433 .
1343 2398 1461 2444 duxit]
1495 2398 1593 2442 quod
1619 2399 1781 2434 ostendit
1805 2398 1974 2444 uirgilius
1999 2399 2037 2434 in
2063 2410 2115 2434 se-

425 2445 621 2490 quentibus
646 2446 709 2489 qui
733 2457 807 2480 non
833 2447 917 2480 ante
943 2447 1101 2480 mortem
1135 2445 1198 2479 sed
1228 2447 1311 2490 post
1343 2448 1499 2480 mortem
1526 2445 1671 2481 didonis
1696 2446 1874 2481 lauiniam
1900 2447 2004 2480 duxit
2028 2458 2114 2481 uxo-

426 2505 503 2528 rem
526 2494 558 2527 T
574 2494 586 2537 ΙΙ
606 2497 626 2527 4
652 2493 726 2538 vel]
756 2497 804 2526 un
829 2493 993 2527 Ambros.
1014 2495 1025 2537 ΙΙ
1044 2492 1295 2537 praedictione
1322 2494 1498 2536 Ambros„
1523 2493 1676 2536 fortasse
1699 2497 1798 2528 recte.
1828 2494 1987 2538 ‘leqerem
2012 2504 2115 2538 pra-e-

426 2540 587 2575 dictione
612 2539 716 2585 regia
740 2551 830 2574 uxor
855 2541 964 2584 parta
993 2540 1120 2583 fuerit,
1153 2551 1224 2584 quo
1258 2553 1290 2575 n.
1322 2541 1467 2584 ‘respicit
1493 2541 1587 2575 enim
1612 2542 1660 2575 ad
1684 2542 1792 2576 verba
1819 2540 1972 2576 Creusae
1997 2542 2056 2576 lib.
2082 2542 2116 2575 II

428 2592 510 2622 783:
547 2588 621 2622 nisi
646 2599 736 2622 uxor
761 2588 1065 2632 subintelliqatur.
1115 2589 1246 2631 parata
1272 2589 1377 2622 etiam
1402 2589 1435 2622 si
1459 2589 1539 2632 quis
1564 2589 1646 2622 velit
1671 2599 1828 2632 serva-re,
1848 2600 1916 2632 per
1940 2599 1993 2623 nze
2018 2589 2116 2623 licet:

424 2639 510 2669 nam
535 2636 587 2669 ibi
612 2636 719 2679 parta
744 2636 850 2669 etiam
876 2636 1007 2678 parata
1032 2636 1242 2679 eaeponitur,
1278 2638 1308 2668 et
1340 2636 1393 2669 ita
1418 2646 1500 2670 mox
1524 2646 1554 2669 e.
1584 2639 1626 2670 75
1652 2636 1781 2670 urbem
1807 2637 1976 2680 paratam
2002 2635 2112 2670 dii-i't’

424 2683 675 2717 Burmannus
703 2682 831 2726 regina
847 2681 892 2716 F.
905 2681 1101 2716 Sclzoellius
1119 2683 1131 2726 ΙΙ
1151 2685 1169 2715 5
1186 2693 1256 2726 quo
1270 2683 1527 2717 Burmannus:
1541 2682 1640 2726 quod
1653 2683 1735 2717 Fet
1748 2683 1871 2717 Ambr.
1892 2684 1903 2727 ΙΙ
1923 2682 2117 2718 denuntiat

425 2731 550 2765 Ambr.
570 2731 582 2774 ΙΙ
602 2734 621 2764 6
643 2730 762 2773 smvul
787 2742 889 2763 suum
911 2728 949 2762 F
965 2730 976 2772 ΙΙ
998 2733 1015 2763 7
1037 2729 1259 2773 palphebras
1279 2730 1323 2763 N
1344 2730 1552 2774 paphebras
1573 2730 1615 2763 H
1630 2731 1642 2775 ΙΙ
1661 2730 1865 2774 palsatione
1885 2730 1929 2763 H
1942 2731 1954 2775 ΙΙ
1975 2734 2016 2764 13
2037 2741 2115 2765 sua-

426 2776 523 2812 soria
549 2776 621 2822 est]
649 2778 704 2810 est
728 2776 913 2811 rhetorica
939 2776 1059 2810 suasio
1087 2776 1125 2809 F
1155 2777 1320 2811 suasoria
1345 2777 1462 2811 oratio
1489 2779 1543 2811 est
1568 2778 1609 2821 ΖΙΙ
1631 2781 1673 2810 14
1700 2777 1846 2812 abiecta
1871 2777 1911 2811 F
1926 2778 1937 2820 ΙΙ
1959 2781 1999 2811 15
2027 2779 2115 2821 apto

426 2823 606 2868 principio
634 2835 718 2857 usus
745 2825 801 2858 est
826 2835 910 2858 nam
937 2852 943 2857 .
967 2851 973 2857 .
997 2851 1004 2858 .
1031 2822 1100 2857 diis
1127 2823 1296 2867 equidem
1323 2824 1540 2868 auspicibus.
1592 2826 1629 2858 et
1661 2825 1752 2859 bene
1779 2835 1875 2858 anna
1901 2824 2037 2858 dilecta
2062 2836 2116 2858 re-

426 2871 583 2915 spondet
608 2870 722 2905 sorori
747 2870 833 2914 quia
858 2872 896 2904 et
920 2870 988 2904 illa
1013 2871 1064 2904 sic
1091 2870 1213 2913 coepit
1238 2882 1334 2905 anna
1359 2882 1468 2906 soror.
1520 2882 1605 2916 ergo
1632 2882 1832 2915 pronomen
1858 2872 1935 2914 (sic)
1961 2871 2115 2905 necessi-

425 2918 563 2952 tudinis
591 2918 752 2952 ostendit
778 2930 815 2952 36
841 2917 975 2952 sentire
1001 2928 1093 2961 quae
1120 2918 1228 2951 utilia
1253 2920 1336 2952 sunt
1363 2920 1401 2952 in
1425 2930 1537 2962 ·marq
1569 2919 1628 2962 ΤΗ
1657 2922 1696 2952 15
1725 2918 1916 2953 beniuolos
1942 2918 2116 2952 debemus

427 2965 611 3000 auditores
638 2966 757 2999 faeere
786 2965 818 2998 1
846 2966 858 3009 1}
892 2969 933 2999 17
959 2966 1001 2998 ut
1026 2965 1181 2998 habetur
1209 2965 1315 2999 dictis
1341 2966 1467 3000 fideles
1494 2966 1541 3007 1,
1567 2976 1656 3000 corr.
1684 2966 1829 3000 Daniel.
1870 2966 1911 2998 ut
1935 2965 2026 2999 fides
2053 2965 2115 3000 ad-

426 3012 597 3047 hibeatur
629 3011 736 3046 dictis
766 3012 798 3045 T
832 3013 843 3056 Η
882 3016 923 3045 19
952 3012 1089 3057 sorore]
1122 3012 1235 3046 sorori
1268 3024 1353 3046 suae
1383 3013 1415 3046 ’1
1448 3014 1460 3057 Η
1497 3012 1617 3058 ponit]
1650 3013 1759 3056 plena
1785 3013 1862 3047 arte
1889 3012 2055 3047 suasmia
2081 3013 2114 3058 s·

427 3063 483 3099 (=
513 3059 567 3093 ‘id
593 3060 671 3103 est⁷)
698 3060 780 3094 add.
811 3059 843 3093 ’1’
872 3060 884 3103 ΙΙ
921 3064 963 3093 22
997 3070 1019 3093 a
1043 3070 1199 3111 Ρειερηι
1224 3070 1358 3094 atneae
1390 3060 1432 3095 1’;
1469 3071 1609 3094 aenean
1635 3059 1674 3093 F
1701 3060 1713 3103 ΙΙ
1749 3063 1792 3093 23
1821 3059 2018 3094 considetis
2043 3059 2083 3093 F

427 3110 471 3140 24
497 3106 567 3140 tiro
590 3107 626 3139 J
643 3109 716 3150 {135
745 3118 766 3141 a
785 3107 909 3151 modo}
939 3118 960 3141 ι
979 3106 1086 3141 modo
1108 3105 1183 3140 siue
1205 3117 1226 3140 a
1247 3106 1414 3151 possibili
1437 3107 1469 3140 1’
1485 3109 1497 3151 ΙΙ
1517 3111 1560 3141 26
1588 3117 1715 3141 causas
1735 3106 1774 3140 F
1790 3107 1802 3150 ΙΙ
1821 3106 1931 3141 etiam
1958 3106 1996 3140 in
2020 3106 2059 3140 id
2079 3106 2119 3140 F
