2204 3437
357 550 376 579 0'!

333 902 376 932 10

407 149 489 189 142
1169 146 1223 181 SE
1231 146 1330 181 RVH

400 257 512 309 sacta
551 257 720 309 floream
763 269 952 298 coronam
995 256 1179 297 dicimus.
1306 266 1428 296 RVRA
1473 253 1633 295 Graece
1678 249 1847 308 ἄρουρα
1892 253 2102 295 dicuntur.

404 328 650 382 aphaeresis
684 341 784 382 ergo
819 341 1059 369 sermonem
1092 326 1194 368 fecit
1226 326 1440 368 Latinum.

521 400 617 440 431.
668 410 878 440 EXERCET
913 398 1090 452 fatigat,
1130 399 1177 438 ut
1208 399 1325 438 nate
1358 396 1536 437 Iliacis
1570 395 1792 437 exercite
1824 394 1961 436 fatis.
2023 394 2104 435 hoe

404 472 549 511 autem
580 470 853 524 participium
895 469 948 510 ab
988 449 1219 523 exercitus
1235 469 1277 509 id
1317 471 1382 510 est
1422 467 1611 509 militum
1648 466 1939 520 multitudine,
1980 464 2105 506 decli-

402 541 575 582 natione
607 540 903 596 discernimus3
937 556 1038 582 nam
1070 555 1228 582 nomen
1260 542 1438 594 quartae
1477 538 1777 580 declinationis
1811 540 1893 590 est,
1931 535 2103 591 partiei-

403 611 521 665 pium
554 611 779 665 secundae,
811 614 858 652 ut
890 611 1025 666 visus,
1056 612 1184 653 huius
1216 611 1297 653 visi
1336 610 1402 651 vel
1441 609 1576 663 visus3
1615 624 1784 663 passus,
1823 608 1947 649 huius
1988 605 2104 661 passi

403 681 471 722 vel
513 696 687 738 passus3
728 682 917 736 auditus,
958 682 1084 724 huius
1127 682 1263 723 auditi
1304 681 1371 723 vel
1415 680 1597 722 auditus.
1726 679 1914 730 Exzczzcffl']
1953 678 2106 730 fabi-(jab

403 753 477 794 *εἰ
505 753 685 807 subiecit,
717 753 862 806 quibus
892 754 1008 795 rebus
1039 754 1233 795 exercitae
1260 752 1535 805 fatiyentmuss
1657 762 1740 793 SVB
1775 761 1890 792 SOLE
1924 749 1968 790 in
2002 748 2104 801 sole⁷

403 826 451 864 ut
494 838 707 878 namque
753 824 843 865 sub
888 824 1091 878 ingenti
1135 824 1330 865 lustrat
1374 823 1485 864 dum
1537 822 1744 876 singula
1788 819 1997 873 templo,
2046 819 2105 860 vel

402 895 599 947 quamdiu
639 894 699 935 sol
738 898 806 936 est.
936 905 1099 936 GENTIS
1143 905 1285 935 FETVS
1321 893 1372 934 ad
1414 893 1583 935 laudem
1618 907 1745 946 apum
1785 891 1866 932 hoe
1906 890 2106 944 pertinet.

403 968 439 1006 ct
480 965 573 1006 benc
615 964 763 1018 ‘yente's
800 964 940 1020 fctus’,
980 966 1078 1018 quia
1118 979 1201 1007 ozon
1241 964 1426 1018 sinyztlae
1466 965 1512 1005 (Ze
1548 964 1722 1016 sinyulis
1759 965 2001 1015 nascuntur,
2039 961 2107 1002 sed

403 1049 538 1077 0212?ch
569 1049 616 1077 ex
647 1036 851 1090 omnbus,
884 1036 995 1090 quod
1026 1036 1070 1077 in
1102 1038 1255 1090 quarto
1286 1035 1584 1090 georgicorum
1610 1033 1763 1075 melius
1796 1032 2073 1087 intellegitur.

521 1107 619 1148 432.
663 1124 838 1149 Λυαῖος
862 1124 1045 1149 Eme-rm
1064 1107 1315 1160 producmzt,
1346 1106 1445 1159 quia
1469 1105 1600 1147 adhue
1626 1105 1872 1154 adolescant,
1898 1106 1944 1144 ut
1971 1103 2103 1144 adulta·

403 1179 517 1232 fimat,
549 1191 632 1219 non
665 1178 928 1228 adoleverint,
960 1181 1005 1219 ut
1034 1178 1194 1219 adultos
1224 1178 1397 1219 (licimus
1428 1177 1625 1218 auditores:
1659 1179 1695 1217 ct
1723 1175 1795 1216 hoc
1825 1175 1883 1217 sic
1914 1175 2030 1224 dixit,
2056 1177 2103 1215 ut

403 1249 629 1290 'inbellem
670 1249 855 1290 avertis
895 1248 1134 1290 Romame
1180 1248 1377 1289 arcibus
1416 1247 1607 1289 Indum.
1737 1257 1995 1296 LIQVENTJA
2038 1245 2104 1286 de-

403 1319 584 1373 faecata,
636 1320 726 1360 sine
778 1319 993 1373 sordibus,
1042 1321 1090 1360 ut
1137 1333 1226 1360 1100
1276 1320 1475 1360 tantum
1525 1317 1712 1371 dulcia,
1764 1319 2008 1371 quantum
2054 1318 2103 1356 et

402 1390 568 1445 liquid
581 1405 622 1444 a,
654 1390 697 1431 id
730 1392 795 1432 est
827 1405 951 1444 pura:
983 1404 1085 1432 nam
1116 1406 1223 1444 pura
1254 1389 1386 1431 mella
1418 1391 1587 1430 constat
1620 1402 1711 1430 esse
1744 1388 1934 1429 meliora.

521 1461 619 1502 433.
670 1472 863 1502 STIPANT
897 1461 1087 1503 densent.
1131 1460 1360 1502 translatio
1394 1475 1418 1501 a
1450 1459 1651 1513 navibus,
1682 1459 1726 1499 in
1758 1458 1911 1512 quibus
1945 1458 2106 1512 stipula

402 1531 687 1585 interponitur
728 1532 860 1585 vasis,
907 1547 1034 1586 quam
1082 1532 1240 1586 stipam
1288 1531 1446 1572 dicunt.
1573 1541 1873 1571 DISTENDVNT
1915 1529 2106 1583 implent,

333 1615 341 1626 ⁸
403 1605 451 1643 ut
484 1602 638 1643 denso
671 1602 972 1644 distendere
1003 1603 1195 1658 pingui.
1305 1613 1517 1643 NECTARE
1551 1600 1694 1642 melle:
1728 1600 1885 1641 abusus
1914 1602 1979 1641 est
2009 1614 2105 1653 pro—

401 1676 496 1727 pter
529 1674 754 1715 suavitatis
788 1674 1127 1716 similitudinem.
1221 1684 1395 1714 CELLAS
1429 1675 1472 1714 et
1503 1672 1572 1713 1110
1605 1672 1763 1713 abusus
1797 1672 1878 1724 est,
1910 1672 1958 1711 ut
1989 1670 2104 1711 favo-

401 1759 495 1785 rum
529 1759 730 1787 cavernas
763 1745 859 1787 *vel
885 1745 1104 1786 alveariass
1139 1744 1265 1786 cellas
1293 1747 1483 1797 vocaret,
1510 1747 1556 1785 ut
1579 1743 1679 1784 alibi
1706 1742 1926 1784 thesauros.
1970 1741 2105 1782 traxit

404 1817 546 1856 autem
578 1831 603 1856 a
634 1816 866 1870 reponendi
897 1816 1196 1869 similitudine,
1228 1815 1294 1856 vel
1323 1830 1348 1856 a
1375 1814 1568 1869 celando,
1594 1813 1705 1855 unde
1733 1813 1887 1854 cellam
1914 1812 2103 1866 appella-

402 1888 568 1928 verunt.
689 1898 868 1928 AGMINE
902 1902 1014 1928 1111110
1046 1887 1222 1941 impetu.

497 2031 516 2060 3
542 2025 642 2071 nate]
671 2027 712 2061 A.
740 2026 791 2060 ΠΙ
820 2030 884 2060 182
916 2027 928 2070 ΙΙ
960 2030 980 2060 9
1006 2026 1181 2071 namque]
1216 2024 1257 2058 A.
1284 2024 1300 2057 Ι
1334 2028 1400 2058 453
1432 2026 1444 2068 Η
1479 2028 1519 2057 15
1547 2023 1738 2067 inbellem]
1772 2033 1897 2066 georg.
1932 2022 1965 2055 ΙΙ
2002 2026 2066 2056 172
2093 2022 2104 2067 Η

405 2077 447 2107 16
467 2085 535 2107 nec
555 2074 714 2118 tantum]
737 2085 861 2118 georg.
883 2073 931 2107 IV
955 2077 1017 2108 101
1041 2074 1052 2117 ΙΙ
1074 2076 1114 2106 18
1135 2071 1329 2107 translatio
1394 2099 1400 2104 .
1423 2071 1565 2115 dicunt]
1588 2070 1632 2105 cf.
1655 2070 1737 2104 Isid.
1760 2069 1850 2113 orig.
1872 2068 1955 2102 XIX
1976 2073 2030 2110 27,
2054 2074 2072 2103 2
2094 2068 2105 2113 Η

403 2124 451 2200 23
473 2120 599 2201 (lIeVnso]
628 2132 755 2201 georg.
789 2122 840 2155 III
874 2124 939 2155 124
970 2123 982 2165 Η
1013 2125 1056 2154 22
1090 2119 1205 2154 traxit
1237 2120 1360 2153 autem
1387 2146 1394 2153 .
1418 2145 1454 2153 ..
1488 2116 1787 2162 appellaverunt]
1820 2116 1912 2150 Don.
1947 2116 1993 2150 ad
2020 2116 2100 2151 Ter.

404 2178 461 2203 a'.
567 2172 598 2211 2,
650 2172 669 2201 3

498 2302 511 2331 1
545 2308 718 2332 eoronam
744 2307 808 2331 om.
833 2297 862 2331 C
884 2298 998 2341 (supr.
1020 2308 1106 2331 vers.
1128 2297 1211 2330 add.
1236 2296 1292 2335 02>
1312 2296 1323 2339 ΙΙ
1343 2306 1477 2329 amn-ra
1497 2295 1530 2328 L
1556 2298 1613 2338 (or
1635 2296 1646 2328 Ι
1672 2295 1712 2328 ia
1737 2293 1901 2335 rumorem:
1929 2304 2037 2327 arura
2062 2293 2097 2327 R

403 2356 512 2378 utura
539 2344 569 2378 C
593 2356 717 2378 arcura
744 2344 787 2377 H
810 2356 894 2378 rura
922 2344 958 2377 1)
986 2345 998 2388 ΙΙ
1030 2349 1048 2378 2
1077 2343 1226 2378 aferesis
1253 2343 1338 2377 libri
1369 2343 1380 2386 ΙΙ
1411 2346 1430 2375 3
1459 2343 1506 2376 (ul
1534 2354 1561 2377 υ.
1590 2346 1656 2376 431
1685 2339 1858 2385 Exercet]
1885 2340 2030 2384 fatigat,
2057 2342 2098 2374 ut

405 2392 510 2426 ‘nate
530 2392 653 2426 lliacis
680 2391 838 2426 exercite
864 2391 985 2425 fatis'.
1037 2392 1074 2425 et
1099 2390 1231 2435 quibus
1258 2390 1365 2424 rebus
1392 2400 1476 2423 exer
1501 2402 1521 2423 ιο(
1549 2391 1585 2423 et
1604 2389 1697 2423 bene
1723 2387 1844 2432 gentis
1870 2387 1989 2422 foetus
2015 2387 2101 2431 quia

403 2439 432 2472 si
461 2439 607 2484 singula
632 2438 762 2473 reddes
790 2438 945 2482 singulis
972 2440 1172 2473 nascuntur
1198 2437 1261 2472 sed
1288 2447 1414 2471 omnes
1441 2447 1484 2469 ex
1510 2436 1679 2471 omnibus
1713 2436 1750 2469 et
1782 2445 1847 2478 per
1872 2434 1943 2468 hoe
1968 2434 2099 2468 melius

402 2486 439 2519 in
465 2485 647 2530 georgicis
673 2485 906 2530 intelligitur.
935 2485 971 2518 P
1004 2496 1074 2529 pro
1101 2496 1185 2520 exer
1211 2484 1350 2519 Daniel
1383 2485 1527 2517 exercet
1558 2484 1677 2518 foetus
1710 2481 1829 2526 gentis
1860 2482 1959 2515 dedit
1991 2485 2023 2515 et
2048 2482 2100 2515 Ia-

404 2544 535 2567 emtam
555 2536 637 2576 post
663 2533 748 2566 haec
775 2533 882 2566 rerba
913 2533 1100 2566 indicarit.
1152 2534 1189 2566 et
1214 2532 1306 2566 bene
1335 2559 1341 2564 .
1364 2558 1371 2564 .
1393 2558 1400 2564 .
1427 2531 1558 2565 reddes
1583 2531 1686 2565 hodie
1712 2529 1780 2573 leyi
1803 2539 1877 2562 ‘non
1897 2532 2061 2571 possunt.
2089 2566 2098 2571 „

404 2579 502 2614 fatis
542 2581 579 2614 et
605 2579 761 2613 subiecit
786 2578 919 2622 quibus
946 2579 1054 2613 rebus
1080 2579 1263 2614 exercitae
1288 2577 1501 2622 fatigentur.
1539 2578 1609 2612 1100
1631 2578 1752 2611 autem
1781 2576 1810 2609 O
1838 2576 1850 2619 ΙΙ
1881 2575 1950 2609 hoc
1976 2576 2097 2609 autem

405 2656 412 2662 .
435 2655 441 2661 .
465 2656 472 2661 .
499 2626 646 2661 auditus
672 2637 737 2660 om.
763 2626 799 2659 B
830 2627 842 2670 ΙΙ
876 2629 916 2659 12
943 2626 1042 2669 quod
1070 2655 1074 2660 .
1098 2654 1104 2660 .
1127 2654 1133 2660 .
1161 2624 1408 2670 intellegitur]
1442 2626 1480 2659 et
1508 2636 1574 2669 per
1599 2625 1669 2658 hoe
1695 2622 1826 2657 melius
1852 2621 1889 2655 in
1916 2621 2099 2666 georgicis

404 2674 632 2717 intellegitur
660 2673 689 2707 G
717 2674 728 2717 ΙΙ
762 2677 803 2707 13
831 2674 879 2707 (αἱ
905 2684 932 2707 ι’.
961 2677 1027 2707 432
1055 2673 1242 2718 Edueunt]
1271 2672 1478 2717 producunt
1511 2672 1608 2715 quod
1634 2671 1753 2706 adhuc
1784 2698 1789 2703 .
1812 2698 1817 2704 .
1842 2697 1848 2703 .
1875 2670 1916 2702 ut
1941 2668 2098 2703 adultos.

408 2721 443 2753 P
471 2722 482 2765 ΙΙ
514 2721 731 2755 adolescunt
761 2731 804 2753 <³:15
836 2719 1054 2753 adulescunt
1087 2720 1116 2753 C
1151 2721 1162 2764 ΙΙ
1202 2725 1244 2754 14
1276 2730 1410 2762 nonam
1446 2718 1475 2753 Ο
1510 2720 1521 2763 ΙΙ
1561 2723 1601 2752 16
1636 2718 1742 2752 sorde
1774 2716 1858 2749 LII
1890 2716 1901 2759 Η
1941 2719 1981 2749 17
2014 2727 2098 2750 nam

407 2769 497 2802 dura
523 2769 608 2802 libri
633 2768 718 2808 mei,
744 2768 818 2800 «nisi
844 2767 937 2810 quod
963 2778 1005 2800 ea·
1028 2768 1168 2809 primae
1187 2771 1227 2800 ut
1252 2768 1394 2802 ridetur
1418 2777 1548 2800 manus
1573 2766 1789 2800 correctione
1814 2774 1907 2807 pura
1933 2762 1984 2803 L,·
2010 2765 2026 2795 1
2051 2763 2097 2796 du

404 2826 578 2859 superse-r.
608 2816 619 2849 l
650 2816 661 2858 Η
695 2818 735 2847 18
763 2814 810 2848 ad
836 2825 866 2849 1.
888 2818 955 2847 433
983 2813 1144 2858 Stipant]
1172 2814 1327 2848 densant
1353 2843 1359 2849 .
1384 2843 1390 2848 .
1414 2842 1420 2848 .
1447 2825 1559 2857 quam
1586 2813 1719 2857 stipam
1747 2811 1883 2845 dicunt.
1923 2809 2097 2853 Nectare]

405 2863 515 2897 melle
542 2890 547 2896 .
571 2891 576 2896 .
601 2889 607 2895 .
636 2860 925 2895 similitudinem.
968 2860 1103 2904 Cellas]
1133 2862 1170 2894 et
1195 2860 1254 2894 hic
1281 2861 1415 2895 abusus
1437 2862 1506 2903 est,
1534 2861 1575 2893 ut
1595 2860 1761 2893 fauor-um
1784 2868 1958 2891 cauernas
1985 2856 2098 2890 cellas

406 2911 565 2944 uocaret.
616 2908 732 2943 traxit
766 2910 889 2942 autem
925 2919 947 2942 a
982 2907 1181 2951 reponendi
1217 2907 1470 2942 similitudine.
1499 2908 1541 2940 P.
1600 2918 1642 2940 ev
1673 2907 1728 2940 his
1762 2904 1862 2938 nitur
1897 2903 1996 2936 uasis
2032 2931 2068 2938 ..
2090 2930 2097 2936 .

407 2957 564 2990 Nectare
592 2960 623 2990 et
649 2956 818 2989 fauor-uni
846 2983 880 2990 ..
905 2983 910 2988 .
939 2966 960 2989 a
985 2966 1023 2989 re
1054 2955 1158 2988 hodie
1190 2955 1259 2998 Ieyi
1284 2966 1357 2988 ozon
1378 2958 1532 2998 possunt
1563 2955 1575 2997 l}
1606 2957 1646 2987 21
1677 2950 1966 2986 similitudinem.
2018 2961 2100 2984 011111

405 3003 540 3047 νέκταρ
576 3002 749 3047 poculum
788 3002 952 3036 divinum
993 3001 1041 3035 sit
1071 3001 1177 3035 dulce
1213 3002 1421 3035 immortale
1457 3001 1728 3044 interpretatur.
1780 3009 1819 3031 vs
1854 2996 1891 3030 id
1924 2998 1980 3030 est
2014 3008 2098 3039 non,

405 3051 536 3083 κτείνω
570 3049 706 3084 occido.
735 3050 773 3082 J)
804 3051 815 3093 ΙΙ
846 3050 888 3083 ut
921 3049 1087 3083 fauor-um
1124 3059 1298 3082 cauernas
1333 3049 1447 3081 cellas
1481 3049 1630 3081 uocaret
1654 3046 1713 3080 uel
1745 3044 1908 3079 aluearia
1939 3045 1980 3077 ut
2010 3043 2098 3077 alibi

406 3097 597 3131 thesauros
625 3097 655 3132 O
682 3097 693 3140 ΙΙ
725 3100 768 3130 23
797 3097 855 3131 vel
883 3124 890 3130 .
915 3125 920 3131 .
944 3125 950 3131 .
978 3096 1259 3139 appellaverunt
1284 3106 1349 3130 om.
1379 3096 1483 3138 (1(ί1ι
1508 3105 1620 3138 marg).
1647 3094 1730 3127 cedd.
1760 3093 1816 3135 (Ρ)
