2132 3354
827 115 1112 151 PRAEFATIO.
1678 112 1813 145 XXVII

123 228 374 283 gnoscendis
390 227 631 281 Vergilium
652 224 980 279 diligentissime
1006 224 1224 263 versatum
1252 235 1343 261 esse
1370 220 1578 272 consulto,
1605 220 1647 260 ni
1674 219 1815 272 fallor,

123 301 490 340 commemoratur.
503 296 535 353 1>
575 297 673 338 inde
705 295 811 336 mihi
838 293 1019 348 suspitio
1048 295 1142 334 orta
1170 294 1246 345 est,
1273 290 1601 344 grammaticum
1628 290 1814 343 aliquem

123 383 415 424 quaecumque
453 369 503 410 ad
542 367 779 410 doctrinam
819 367 970 419 poetae
1009 362 1322 404 inlustrandam
1362 360 1463 414 apta
1494 360 1740 400 viderentur
1772 359 1815 399 in

123 455 252 481 unum
293 440 535 495 collegisse,
579 441 705 492 atque
743 451 793 477 ex
833 450 883 477 eo
921 435 1033 475 libro
1073 434 1212 487 petita
1251 447 1342 473 esse
1381 446 1488 486 quae
1532 446 1555 471 a
1596 429 1814 471 Macrobio

121 511 240 551 tertii
284 511 387 551 libri
431 509 645 564 capitibus
687 507 829 548 1-12
868 508 911 546 et
950 504 1088 558 quinti
1127 518 1216 557 cap.
1252 503 1423 544 18—22
1468 502 1661 555 exposita
1706 503 1815 541 sunt.

123 596 251 635 quam
291 581 581 622 coniecturam
620 593 705 620 non
743 576 891 631 putavi
931 577 1106 629 propter
1145 574 1248 614 illud
1281 572 1546 614 abiciendam
1580 586 1670 612 esse
1705 572 1815 625 quod

123 652 302 693 Linkius
335 667 374 706 p.
407 652 461 692 29
495 650 682 701 monuit,
713 648 763 688 de
796 662 921 687 versu
956 646 1028 700 qui
1061 648 1124 686 est
1157 645 1261 685 Aen.
1293 643 1335 684 Π
1368 644 1450 685 351
1487 643 1602 683 aliud
1635 642 1815 696 proferri

124 722 211 765 Sat.
242 722 307 763 ΠΙ
340 723 378 776 9,
411 721 527 762 aliud
559 720 598 762 V
626 721 694 773 22,
722 721 759 760 7.
808 733 908 759 nam
941 717 1068 758 facile
1100 715 1243 770 potuit
1276 714 1585 768 grammaticus
1617 713 1688 753 ille
1721 728 1814 754 Cum

123 808 340 835 sacrarum
359 807 511 833 rerum
543 794 703 845 quanta
735 789 916 831 scientia
935 787 1153 842 Vergilius
1193 786 1346 826 fuisset
1378 785 1616 838 exponebat
1648 799 1816 825 versum

122 865 244 905 illum
278 879 299 904 e
332 862 646 905 ‘vetustissimo
679 860 971 902 Romanorum
1004 873 1121 899 more
1155 860 1197 898 et
1229 855 1532 898 occultissimis
1567 854 1718 896 sacris’
1752 870 1817 896 ex-

123 935 301 988 plicare,
345 934 429 975 alio
470 934 563 974 loco
606 946 689 986 quo
732 931 782 972 de
826 932 955 984 poeta
996 928 1257 970 Graecorum
1300 927 1556 980 scriptorum
1599 926 1817 967 imitatore

123 1005 373 1059 disputabat
404 1003 562 1045 similia
587 1001 807 1056 Euripidis
840 1001 972 1042 verba
1004 999 1167 1040 afferre.
1219 998 1321 1039 libri
1354 1000 1496 1038 autem
1529 998 1643 1038 illius
1676 997 1816 1037 fontes

122 1075 301 1116 Linkius
334 1078 377 1116 et
403 1074 617 1115 Wissowa
648 1074 709 1114 ita
742 1071 1113 1125 investigaverunt
1145 1072 1193 1110 ut
1226 1068 1332 1109 illud
1364 1070 1531 1109 constet
1564 1067 1676 1121 quod
1709 1082 1818 1107 sum-

123 1161 240 1187 mum
274 1148 350 1198 est,
383 1159 433 1186 ea
465 1159 572 1198 quae
606 1146 648 1184 et
680 1143 926 1184 Macrobius
959 1144 1002 1182 et
1027 1141 1063 1182 is
1091 1140 1163 1194 qui
1195 1140 1430 1194 pleniorem
1464 1139 1817 1181 commentarium

123 1216 365 1270 composuit
397 1230 448 1257 ex
481 1230 529 1257 eo
564 1214 866 1268 exscripserint
898 1213 978 1254 fide
1011 1211 1267 1266 dignissima
1300 1226 1402 1264 esse,
1436 1211 1591 1264 quippe
1625 1224 1731 1264 quae
1765 1209 1817 1249 ad

122 1287 470 1329 doctissimorum
500 1285 725 1327 hominum
757 1284 1061 1326 auctoritatem
1095 1286 1137 1323 et
1168 1281 1420 1324 testimonia
1450 1282 1637 1323 redeant.

238 1357 472 1399 Videamus
491 1372 602 1399 nunc
623 1356 832 1397 brevioris
861 1353 1171 1408 commentarii,
1204 1353 1277 1407 qui
1303 1353 1510 1394 librorum
1537 1367 1664 1394 manu
1692 1351 1819 1404 scrip-

119 1432 262 1471 torum
306 1428 444 1470 titulis
491 1428 670 1482 aliisque
707 1426 969 1468 testimoniis
1003 1423 1150 1466 Servio
1182 1424 1406 1478 tribuitur,
1439 1439 1546 1478 quae
1580 1424 1665 1464 sint
1690 1422 1817 1463 ratio-

120 1515 211 1554 neS,
251 1503 298 1541 ut
336 1514 465 1554 quam
510 1499 701 1540 diversus
747 1498 802 1539 sit
839 1497 914 1538 ille
947 1512 971 1537 a
1002 1496 1242 1549 pleniorum
1274 1495 1484 1536 librorum
1518 1493 1820 1536 additamentis

122 1571 410 1625 intellegatur.
452 1585 501 1612 ac
532 1570 717 1624 primum
752 1567 921 1623 quidem
955 1581 1106 1608 moneo
1140 1569 1229 1607 tam
1264 1567 1430 1620 aequali
1463 1581 1555 1607 esse
1582 1565 1820 1606 breviorem

125 1642 483 1684 commentarium
521 1641 673 1682 habitu
713 1654 761 1681 ac
800 1639 923 1693 quasi
960 1641 1125 1692 tenore,
1164 1640 1211 1678 ut
1251 1640 1365 1678 certo
1405 1637 1583 1679 consilio
1623 1638 1821 1689 certaque

123 1713 290 1754 ratione
330 1713 383 1754 ab
423 1727 508 1754 uno
548 1711 722 1752 homine
761 1710 957 1751 Videatur
997 1708 1261 1763 compositus
1301 1722 1403 1749 esse.
1465 1723 1565 1749 nam
1604 1707 1704 1748 licet
1736 1720 1822 1746 non

123 1786 239 1824 totus
285 1784 338 1825 ad
376 1781 713 1825 adulescentium
752 1780 1038 1821 eruditionem
1077 1779 1421 1820 accommodatus
1456 1779 1529 1832 sit,
1575 1778 1647 1819 sed
1693 1777 1821 1817 etiam

127 1855 372 1896 hominibus
401 1853 701 1896 scholasticam
727 1851 996 1905 disciplinam
1024 1850 1207 1905 egressis
1234 1850 1352 1891 utilis
1374 1864 1465 1890 esse
1486 1849 1685 1903 potuerit,
1717 1847 1823 1888 illud

125 2010 202 2048 134,
241 2010 301 2047 163
338 2018 373 2050 p.
412 2009 489 2049 145,
517 2009 578 2047 20;
618 2017 652 2049 p.
694 2008 778 2047 183,
808 2006 868 2045 153
895 2014 928 2046 p.
957 2005 1035 2044 225,
1063 2005 1101 2042 43
1141 2013 1175 2044 p.
1209 2005 1288 2045 238,
1324 2005 1384 2044 193
1422 2014 1455 2046 p.
1492 2004 1570 2042 260,
1598 2004 1637 2043 43
1677 2012 1710 2044 p,
1743 2002 1822 2042 298,

124 2063 160 2102 7,
200 2071 235 2103 p.
275 2062 354 2102 320,
395 2062 431 2101 73
472 2070 507 2102 p.
534 2062 614 2101 321,
654 2061 714 2099 17;
754 2069 788 2100 p.
829 2060 908 2099 339,
935 2059 996 2097 233
1036 2067 1069 2099 p.
1097 2058 1261 2097 422,20;
1302 2067 1336 2099 p.
1371 2058 1451 2097 433,
1487 2058 1547 2095 153
1586 2066 1620 2097 p.
1655 2057 1733 2096 443,
1764 2055 1821 2094 18;

125 2112 214 2146 Aen.
241 2111 328 2145 VIII
354 2115 422 2146 363
451 2114 488 2145 et
514 2115 593 2145 552.
657 2111 821 2145 ceterum
861 2120 934 2152 qua
966 2118 1004 2141 re
1047 2106 1219 2141 effectum
1259 2106 1307 2140 sit
1332 2108 1373 2141 ut
1398 2118 1584 2141 sacrorum
1611 2106 1648 2140 et
1674 2105 1822 2148 religio-

125 2177 213 2199 num
237 2164 444 2199 rationibus
470 2162 737 2209 cognoscendis
752 2161 937 2206 Vergilius
964 2159 1124 2194 maxime
1151 2170 1301 2204 operam
1323 2160 1468 2195 dedisse
1494 2160 1688 2204 putaretur
1714 2158 1823 2192 facile

125 2216 367 2261 intellegitur.
431 2217 569 2252 etenim
602 2215 838 2262 grammatici
870 2225 952 2248 cum
984 2215 1136 2258 propter
1167 2213 1346 2257 pietatem
1381 2213 1579 2258 praecipue
1612 2224 1633 2246 a
1658 2210 1822 2255 Vergilio

126 2273 291 2305 Aeneam
322 2269 516 2304 laudatum
549 2281 627 2305 esse
660 2269 844 2311 viderent,
885 2269 1034 2312 poetam
1069 2266 1177 2301 anxio
1210 2266 1369 2310 quodam
1396 2265 1518 2300 studio
1546 2265 1583 2299 id
1610 2265 1726 2309 egisse
1753 2264 1823 2298 sibi

126 2324 396 2368 persuaserunt,
418 2325 459 2357 ut
479 2333 572 2367 quae
592 2322 829 2367 pontificibus
848 2319 1058 2354 flaminibus
1079 2319 1161 2354 aliis
1182 2318 1436 2354 sacerdotibus
1456 2318 1686 2362 praescripta
1706 2319 1824 2351 essent

131 2376 261 2410 eadem
287 2377 431 2411 Aeneas
459 2376 672 2410 observasse
699 2374 896 2408 videretur.
954 2383 997 2406 ea
1022 2371 1166 2407 ratione
1194 2371 1359 2417 Vergilio
1386 2372 1505 2406 multa
1530 2371 1672 2405 tributa
1698 2381 1776 2404 esse
1803 2382 1824 2402 a

127 2429 259 2474 quibus
286 2441 387 2464 mens
414 2429 492 2463 eius
518 2428 641 2463 aliena
666 2427 778 2462 fuerit
803 2437 912 2461 nemo
938 2437 1010 2460 non
1036 2425 1149 2460 videt.
1199 2425 1270 2459 hac
1289 2425 1370 2469 ipsa
1389 2436 1427 2459 re
1448 2424 1577 2459 dubito
1599 2435 1645 2458 an
1667 2422 1823 2465 Servius,

127 2482 189 2517 eui
216 2483 354 2517 librum
379 2482 486 2516 illum
513 2482 702 2526 cognitum
728 2480 842 2514 fuisse
867 2478 976 2513 facile
1004 2478 1163 2513 conicias
1190 2478 1248 2521 (cf.
1276 2478 1321 2512 ad
1349 2479 1438 2513 Aen.
1466 2478 1497 2511 ll
1522 2481 1587 2511 148
1615 2478 1651 2511 et
1677 2475 1708 2509 X
1729 2476 1823 2519 228),

128 2537 249 2571 motus
277 2535 324 2570 sit
351 2537 393 2570 ut
417 2535 511 2570 nihil
536 2535 621 2569 inde
649 2534 869 2578 excerperet.
920 2544 1005 2566 nam
1032 2542 1256 2575 quamquam
1284 2531 1330 2565 ad
1350 2531 1439 2565 Aen.
1463 2530 1495 2564 II
1517 2534 1536 2564 2
1564 2531 1725 2564 Aeneam
1745 2529 1823 2562 ubi-

126 2599 197 2632 que
232 2588 337 2632 quasi
370 2590 555 2623 sacratum
588 2587 714 2622 induci
745 2586 853 2630 dicit,
891 2585 938 2620 ad
970 2598 1003 2619 v.
1030 2588 1098 2619 326
1127 2586 1164 2619 et
1189 2587 1256 2618 428
1290 2595 1373 2618 eum
1399 2585 1439 2618 ut
1466 2583 1694 2618 sacerdotem
1721 2593 1823 2615 num-

128 2654 239 2686 quam
266 2642 313 2676 ad
339 2641 491 2676 deorum
517 2640 683 2676 convicia
709 2640 810 2674 abire
837 2639 955 2682 docet,
982 2638 1029 2673 ad
1054 2650 1088 2672 v.
1116 2640 1183 2672 704
1209 2636 1400 2671 divinandi
1426 2636 1597 2681 peritiam
1625 2635 1657 2669 ei
1683 2634 1823 2677 tribuit,

126 2695 229 2729 nullo
261 2697 387 2729 tamen
417 2695 499 2730 loco
532 2705 593 2734 eas
625 2705 682 2728 res
715 2691 920 2727 accuratius
951 2692 1192 2736 persequitur.
1364 2692 1397 2734 1)
1424 2690 1467 2725 cf.
1498 2690 1573 2724 Sat.
1600 2688 1631 2722 V
1662 2692 1713 2729 18,
1743 2692 1759 2721 1
1788 2689 1825 2720 et

76 2777 80 2780 .
127 2751 183 2791 22,
204 2751 224 2781 6
246 2749 283 2781 et
305 2750 357 2782 15.
408 2747 454 2781 ad
482 2750 570 2782 Aen.
597 2746 612 2780 Ι
639 2750 684 2780 44
710 2746 757 2790 (p.
774 2747 904 2789 31,23)
934 2744 1064 2779 ‘totius
1091 2746 1215 2779 autem
1242 2744 1372 2778 ltaliae
1400 2741 1685 2777 curiosissimum
1713 2740 1824 2774 fuisse

130 2799 338 2844 Vergilium
364 2798 606 2834 multifariam
633 2797 821 2843 apparet&
872 2809 907 2842 p.
934 2801 1013 2842 392,
1044 2802 1084 2832 12
1115 2798 1198 2832 ‘sed
1225 2796 1410 2842 Vergilius
1436 2806 1564 2830 amans
1590 2794 1742 2828 inventa
1767 2804 1825 2827 oc-

129 2853 276 2888 casione
315 2852 509 2887 recondita
547 2862 715 2897 quaeque
754 2850 969 2886 summatim
1006 2852 1044 2886 et
1081 2851 1270 2896 antiquam
1309 2849 1520 2892 contingere
1559 2847 1741 2889 fabulam,
1781 2846 1824 2880 de

127 2906 271 2941 Abante
298 2905 417 2940 dixit?
490 2918 526 2950 p.
551 2909 633 2948 404,
663 2908 703 2938 12
739 2903 803 2938 ubi
835 2903 879 2938 de
908 2902 1037 2947 Troia,
1069 2903 1171 2949 Epiri
1198 2903 1345 2948 oppido,
1377 2902 1501 2946 agitur
1529 2900 1646 2934 ‘unde
1672 2900 1827 2944 apparet

127 2957 292 2993 divinum
326 2959 476 3003 poetam
513 2958 615 2993 aliud
652 2958 824 3002 agentem
862 2967 990 2991 verum
1024 2968 1167 3002 semper
1200 2955 1408 2999 attingere.'
1467 2954 1557 2988 Aen.
1584 2952 1633 2986 XI
1661 2956 1727 2987 532
1762 2952 1825 2987 ubi

129 3011 236 3056 Opim
263 3012 309 3046 ab
335 3011 505 3055 Ephesiis
539 3010 697 3046 Dianam
731 3009 960 3044 nominatam
993 3021 1069 3045 esse
1102 3008 1301 3045 Alexandri
1335 3007 1457 3042 Aetoli
1488 3008 1620 3052 poetae
1658 3006 1825 3051 exemplo

136 3064 339 3098 ostenditur
366 3064 481 3108 ‘quod
506 3064 576 3099 hoe
602 3064 683 3099 loco
702 3062 948 3107 peritissimus
975 3062 1210 3107 antiquitatis
1236 3063 1347 3105 poeta
1372 3060 1492 3095 sociae
1518 3060 1595 3095 eius
1621 3059 1824 3104 imposuit.'

1850 1346 2004 1371 Brevioris

1841 1385 2022 1407 commenta·

1838 1419 1877 1442 rii
1898 1419 2028 1442 rationes

1838 1461 1905 1478 cuin
1920 1454 2032 1483 plenio-

1843 1498 1872 1513 re
1892 1496 2010 1518 compa-

1869 1526 1981 1549 rantur.
