2204 3437
334 579 353 608 5

315 930 355 960 10

316 1283 358 1313 15

320 1990 362 2021 25

375 178 463 220 444
1142 174 1300 210 SERVH

377 288 563 328 volutans
599 285 806 326 haerebat:
850 284 897 325 in
935 297 1012 336 qao
1045 282 1270 324 ‘haerebat’
1303 296 1441 323 morae
1471 283 1531 324 vel
1556 281 1877 335 praepedimenti
1910 279 2070 321 verbnm

370 357 515 411 procat
546 356 666 397 dubio
697 358 763 396 est.
827 357 912 395 tum
943 354 1050 406 quod
1079 357 1115 394 et
1147 354 1228 406 ipse
1255 352 1422 406 [senibus
1453 353 1676 402 volutabat,
1717 352 1777 393 vel
1807 351 1914 404 qnod
1938 363 2072 403 yenaa

380 428 589 481 amplexas
622 424 764 481 (erat),
796 425 918 466 etiam
948 424 1138 477 reliyioni
1168 424 1410 464 habebatur:
1449 436 1526 475 qao
1558 423 1602 464 in
1635 423 1715 464 loco
1746 422 1848 463 satis
1879 420 2074 472 non-ficit

378 498 494 539 natta
525 497 687 538 verbera
717 495 917 545 adhiberi,
960 495 1043 536 nisi
1074 495 1196 535 etiam
1228 494 1327 538 tides
1358 494 1456 535 data
1487 496 1601 543 esset,
1645 506 1727 545 qua
1756 492 1951 533 securitas
1983 504 2072 531 con-

379 571 615 622 firmaretur
646 567 785 609 veniae
816 579 1019 607 concessae
1049 565 1134 606 illis
1171 565 1349 606 versibus
1381 563 1487 616 eipse
1510 566 1632 616 pater
1661 564 1846 604 dextram
1877 561 2074 602 Anchises

379 639 491 680 lea-ad
520 639 649 679 multa
681 640 864 678 moratas
901 637 973 677 dat
1008 636 1145 677 iuveni
1189 639 1307 688 atque
1345 635 1532 675 animam
1563 634 1770 687 praesenti
1801 633 1972 686 pianore
2002 633 2074 685 fir-

380 709 492 751 mat?
554 723 678 761 neque
715 708 822 749 enim
860 707 1064 760 oportebat
1101 707 1258 748 tardius
1295 706 1499 747 inmorari
1537 704 1731 758 profanis
1773 702 2075 757 coffliitionibas‚

381 795 471 822 cam
503 781 686 833 precatio
723 778 951 820 caelestium
990 778 1154 818 deorum
1198 777 1437 829 interposita
1474 777 1589 817 daret
1628 788 1770 821 curam
1811 773 2077 815 observandae

380 851 611 904 intimaras:
651 850 812 891 dixerat
841 849 949 890 enim
982 847 992 863 ‘
995 861 1072 900 per
1103 848 1239 889 sidera
1271 850 1401 900 testor,
1426 860 1502 899 per
1533 858 1698 899 superos
1728 848 1846 897 atque
1876 844 1947 885 hoc
1977 843 2077 884 caeli

381 922 572 975 spirabile
604 919 776 970 lamcii';
809 933 931 972 eaque
954 921 1121 971 propter
1153 918 1312 959 addidit
1337 916 1470 959 ehaud
1498 917 1629 958 multa
1659 914 1877 965 momtas’,
1907 918 1952 956 ut
1982 914 2076 955 cclc-

382 994 485 1034 ritas
522 992 786 1033 concessionis
820 990 1032 1043 piaculum
1071 989 1233 1030 nullam
1262 991 1399 1041 posset
1434 988 1644 1029 admittere
1679 987 1725 1028 in
1755 988 1888 1040 ipsimi
1919 984 2074 1026 Achae-

382 1064 576 1105 meniden.
638 1062 732 1103 hinc
764 1075 982 1115 possamus
1013 1061 1228 1101 aestimare
1259 1059 1391 1112 mayis
1422 1072 1513 1099 eam
1543 1058 1706 1099 verbera
1739 1057 1920 1098 timuisse
1949 1068 2075 1108 qaam

384 1138 562 1187 mortem,
587 1136 754 1186 propter
785 1132 1089 1184 confessionem,
1120 1134 1165 1172 at
1195 1131 1342 1172 diceret
1373 1129 1570 1183 ‘sparyite
1601 1143 1663 1170 me
1694 1129 1739 1169 in
1770 1128 1917 1180 flnctus
1948 1128 2076 1167 vasto-

384 1220 457 1258 que
488 1205 698 1257 iniieeryite
721 1206 858 1256 ponto.
920 1202 957 1243 si
980 1215 1100 1254 pereo
1132 1201 1321 1242 manibus
1352 1200 1563 1241 hominnm
1586 1199 1759 1252 periisse
1790 1194 1967 1238 iuvabit?
2013 1195 2078 1236 de-

384 1277 506 1329 nique
528 1278 623 1328 post
652 1274 747 1315 haee
778 1273 940 1315 addidit
971 1272 1059 1313 ‘ale
1089 1271 1185 1313 haec
1215 1272 1395 1324 deposita
1427 1272 1588 1312 tcmdem
1617 1269 1839 1323 formidine
1867 1265 2011 1320 fatur?

504 1346 600 1387 608.
652 1356 731 1394 QVI
765 1356 834 1386 SIT
867 1355 975 1384 FARI
1016 1357 1091 1396 per
1124 1342 1268 1384 omnia
1301 1342 1503 1384 subaudis
1537 1339 1815 1383 ‘hortamur’.
1878 1337 1971 1392 ‘qui
2004 1335 2080 1377 sit’

386 1419 541 1471 autem,
574 1416 654 1457 hoc
687 1417 753 1458 est
782 1414 874 1468 qais
908 1413 1157 1455 Graecorum
1188 1413 1258 1467 sit,
1290 1413 1335 1454 id
1364 1416 1422 1454 est
1453 1413 1571 1454 cuius
1605 1412 1718 1453 filius
1752 1410 1826 1463 sit,
1871 1410 1918 1450 ut
1950 1407 2081 1449 etiam

387 1487 634 1541 respondet:
666 1501 765 1527 nam
798 1485 884 1526 iam
918 1499 961 1527 se
993 1485 1160 1525 dixerat
1193 1484 1415 1525 Graecum.

505 1558 603 1599 609.
656 1568 828 1600 AGITET
862 1567 1084 1598 FORTVNA
1116 1566 1283 1595 FATERI
1315 1554 1540 1595 hortamur
1572 1553 1712 1607 fateri,
1745 1566 1851 1606 quae
1879 1566 1975 1592 eum
2001 1550 2083 1591 for-

389 1632 492 1671 tuna
525 1630 660 1682 vexet,
692 1630 741 1668 ut
773 1626 863 1680 <VI
896 1626 979 1680 68>
1014 1625 1317 1681 agitataque
1349 1624 1556 1666 numina
1587 1623 1783 1665 Troiae.

506 1699 603 1741 610.
653 1710 781 1739 HAVD
820 1709 979 1739 MVLTA
1016 1707 1232 1738 MORATVS
1270 1694 1428 1736 nimiae
1467 1694 1746 1749 benignitatis
1786 1696 1850 1735 est
1887 1707 1973 1733 non
2016 1706 2083 1732 ex-

389 1773 582 1825 spectare
614 1769 820 1823 plurimas
854 1783 1012 1822 preces.

507 1841 604 1881 611.
654 1851 908 1881 PRAESENTI
952 1849 1159 1880 PIGNORE
1207 1854 1356 1879 Fzfflmr
1395 1837 1502 1889 quoa
1537 1837 1593 1878 ad
1627 1836 1698 1877 hoc
1737 1839 1889 1888 tempus
1920 1835 2084 1886 poterat

389 1912 493 1961 dari,
525 1912 570 1952 id
587 1913 644 1952 est
675 1910 848 1951 dextrae
882 1924 1032 1950 manus
1066 1907 1377 1961 coniunctione,
1410 1921 1493 1960 qua
1526 1907 1748 1947 firmantur
1780 1904 2007 1957 amicitiae,
2039 1905 2086 1944 ut

392 1982 440 2035 <I
472 1982 586 2035 408>
626 1995 712 2022 cur
751 1980 960 2021 dextrae
998 1980 1211 2034 iungere
1251 1977 1483 2018 dextram
1525 1992 1624 2019 non
1657 1976 1835 2018 datur?
1899 1977 1942 2016 et
1973 1974 2084 2028 <83>

392 2052 649 2106 iungimus
682 2051 913 2105 hospitio
947 2050 1153 2091 dextras
1188 2063 1241 2089 ae
1273 2050 1411 2089 tecta
1444 2048 1685 2088 subimus.

512 2122 607 2163 613.
659 2133 747 2163 SVM
779 2132 946 2162 PATRIA
978 2132 1038 2160 Ex
1070 2130 1242 2161 ITIIACA
1275 2118 1619 2160 circumstantias
1647 2131 1793 2158 omnes
1821 2115 2087 2169 exsequitur:

394 2193 489 2247 loci,
514 2207 732 2247 personae,
758 2196 1013 2246 temporum.
1052 2193 1088 2231 et
1114 2191 1201 2231 licet
1224 2189 1414 2231 rhetorice
1439 2192 1535 2242 assat
1558 2188 1622 2230 hic
1641 2187 1967 2240 Achaemenides,
1986 2199 2088 2239 (sitae

492 2326 508 2354 1
537 2320 714 2355 haerebat
744 2320 916 2354 uolutans
947 2319 979 2352 Τ
1022 2318 1060 2352 in
1092 2329 1163 2362 quo
1197 2317 1399 2352 haerebat.
1431 2345 1437 2352 .
1465 2316 1664 2361 ‚religioni
1694 2315 1902 2350 habebatur
1926 2325 1991 2349 om.
2021 2313 2054 2347 Τ
2077 2313 2088 2358 M

396 2368 574 2403 haerebat
594 2371 680 2411 post
703 2367 742 2401 in
767 2377 839 2410 quo
866 2378 931 2400 om.
958 2366 1094 2400 Daniel
1121 2366 1133 2408 ΙΙ
1164 2375 1289 2399 morae
1315 2365 1461 2408 scripsi:
1487 2375 1588 2398 more
1615 2363 1829 2397 FAmbros
1861 2363 1872 2404 ΙΙ
1902 2360 2086 2405 praepeti-

396 2415 511 2450 menti
532 2415 571 2448 F
588 2418 619 2449 et
639 2415 774 2448 Daniel
793 2415 804 2456 ΙΙ
825 2418 846 2447 2
871 2416 907 2448 et
928 2424 993 2447 om.
1015 2413 1176 2446 Ambros.
1197 2413 1209 2455 ll
1229 2416 1248 2446 3
1269 2411 1442 2456 religioni
1459 2411 1606 2454 scripsi:
1632 2409 1809 2454 religione
1831 2408 1870 2442 F
1893 2409 2056 2442 Ambros.
2076 2407 2088 2453 3!

397 2463 578 2497 habeatur
604 2462 769 2496 Ambros.
801 2461 812 2504 ΙΙ
845 2465 865 2494 4
892 2460 1046 2494 uerbera
1072 2456 1240 2493 adliiberi
1270 2459 1302 2492 T
1334 2458 1488 2492 uerbero
1515 2457 1682 2492 adhibito
1709 2456 1748 2490 F
1781 2456 1895 2490 uerba
1920 2454 2089 2489 adhibita

396 2510 561 2543 Ambo-os.
600 2508 754 2542 uerbera
780 2507 947 2542 adhibita
972 2507 1109 2541 Daniel
1128 2507 1138 2550 ΙΙ
1158 2505 1228 2540 nisi
1254 2508 1352 2540 esset
1378 2505 1466 2539 data
1490 2505 1580 2538 fidos
1610 2504 1642 2538 T
1655 2505 1668 2548 ΙΙ
1687 2507 1706 2537 5
1734 2503 1863 2537 dextra
1887 2502 2051 2536 Ambros.
2077 2502 2088 2547 ²l

399 2562 418 2591 6
444 2556 566 2590 haud.
590 2585 596 2590 .
620 2555 779 2600 .firmat]
806 2556 843 2588 et
869 2556 992 2588 cetera
1017 2564 1130 2597 usque
1156 2552 1309 2597 pignore
1336 2552 1458 2586 firmat
1484 2552 1523 2585 F
1538 2552 1550 2595 ΙΙ
1571 2555 1613 2586 10
1640 2561 1682 2585 ea
1708 2561 1803 2594 quae
1834 2549 1866 2583 T
1879 2550 1891 2593 ΙΙ
1911 2549 2088 2583 uelocitas

398 2604 560 2637 Ambros.
599 2603 611 2645 {l
650 2606 688 2635 11
723 2601 758 2634 in
792 2612 859 2635 om.
885 2601 923 2634 F
955 2604 985 2635 et
1011 2601 1164 2641 Daniel,
1197 2600 1260 2643 qai
1286 2602 1370 2642 post
1401 2599 1598 2633 admittere
1630 2598 1787 2641 yravitcr
1815 2597 2051 2639 interpnnaeit.
2087 2596 2088 2599 ’

401 2655 442 2683 12
470 2651 565 2683 hunc
587 2649 749 2682 Ambros.
769 2650 780 2691 ΙΙ
801 2647 1011 2681 existimare
1032 2647 1194 2680 [linbros.
1215 2647 1226 2689 ΙΙ
1246 2656 1329 2679 eum
1355 2657 1398 2679 eie
1422 2645 1454 2679 Τ
1474 2645 1613 2680 ‘inserui
1632 2645 1643 2688 ss
1662 2643 1827 2677 timuisse
1854 2643 2008 2677 uerbera
2032 2642 2064 2676 Τ
2078 2643 2089 2687 l!

404 2702 442 2731 ,13
471 2695 636 2741 propter]
664 2697 749 2739 post
779 2695 810 2728 Τ
825 2696 836 2737 ΙΙ
857 2696 897 2727 nt
922 2694 1034 2727 etiam
1061 2693 1199 2727 diceret
1224 2693 1255 2725 Τ
1269 2694 1280 2737 ΙΙ
1300 2694 1497 2736 vastoque.
1514 2720 1520 2727 .
1537 2691 1713 2735 juvabit]
1740 2701 1804 2725 om.
1832 2690 1863 2723 Τ
1885 2691 1922 2724 et
1946 2689 2090 2733 reliqua

399 2754 514 2787 usque
536 2743 685 2787 periisse
711 2741 854 2775 iuuabit
876 2741 914 2774 κ’
930 2743 941 2784 ΙΙ
963 2745 1003 2774 17
1025 2741 1105 2783 quis
1126 2740 1348 2773 Graecorum
1369 2739 1417 2773 sit
1435 2739 1473 2773 id
1493 2741 1550 2773 est
1573 2739 1653 2773 hab.
1676 2738 1705 2772 C
1721 2738 1733 2781 11
1752 2737 1800 2771 sit
1818 2740 1859 2771 ut
1880 2736 1968 2771 FC.-
1996 2736 2091 2770 sicut

400 2791 432 2824 L
443 2791 489 2824 M
527 2789 578 2823 sic
606 2790 645 2823 Il
662 2790 674 2833 ΙΙ
696 2793 737 2822 18
764 2787 953 2832 respondit
971 2787 1056 2829 ,FO
1071 2788 1082 2830 ΙΙ
1102 2791 1143 2820 21
1173 2788 1338 2829 spectare
1366 2787 1413 2820 M
1431 2788 1442 2830 ΙΙ
1462 2787 1510 2820 ad
1536 2785 1635 2819 haud
1661 2785 1779 2818 multa
1804 2785 1967 2818 moratus
1988 2794 2086 2827 supr.

403 2849 486 2871 vers.
515 2836 658 2870 dixerat
682 2836 746 2869 ille
773 2847 838 2879 per
864 2834 984 2868 sidera
1010 2835 1126 2867 testor
1150 2845 1216 2877 per
1241 2845 1266 2867 s.
1294 2833 1377 2867 ideo
1402 2834 1471 2866 iste
1498 2832 1588 2866 dicit
1611 2831 1709 2865 haud
1729 2831 1846 2864 multa
1866 2831 2028 2864 moratus
2049 2831 2090 2863 ut

402 2883 571 2918 celeritas
605 2882 849 2917 concessionis
882 2881 1069 2925 piaculum
1100 2880 1243 2913 nullum
1270 2881 1395 2924 posset
1420 2879 1617 2913 admittere
1649 2879 1681 2911 Τ
1713 2879 1724 2922 ΙΙ
1761 2881 1804 2911 23
1832 2878 1880 2911 ad
1906 2876 2090 2920 praesenti

401 2942 499 2974 supr.
536 2942 619 2964 vers.
654 2928 814 2973 propitio
847 2929 923 2962 siue
958 2927 1141 2972 praesenti
1172 2927 1270 2969 quod
1296 2927 1341 2960 ad
1368 2937 1540 2970 praesens
1566 2927 1714 2970 poterat
1739 2927 1883 2967 tempus
1909 2923 1995 2957 dare
2027 2923 2059 2955 Τ
2079 2923 2089 2966 l}

403 2978 517 3020 quod.
535 3006 540 3011 .
558 2976 609 3012 ,id
638 2977 694 3010 est
719 2977 799 3010 hab.
829 2975 858 3010 0
873 2977 884 3019 ΙΙ
904 2975 950 3008 ad
977 2975 1046 3008 hoe
1073 2974 1226 3007 Daniel:
1253 2973 1313 3007 hie
1335 2973 1373 3006 F
1407 2974 1452 3007 ad
1479 2972 1539 3006 hie
1563 2972 1592 3006 Ο
1607 2974 1618 3016 ΙΙ
1637 2971 1774 3016 poterit
1795 2970 1824 3004 Ο
1839 2972 1850 3014 ΙΙ
1870 2974 1914 3003 24
1941 2969 2090 3004 dextrae

403 3035 466 3058 nm.
496 3023 625 3057 FGM
655 3024 666 3067 ΙΙ
697 3034 871 3056 manuum
899 3021 1027 3056 FCM
1053 3021 1064 3064 ΙΙ
1096 3020 1335 3054 firmabantur
1363 3020 1454 3054 FCl
1479 3021 1490 3063 Η
1521 3024 1564 3053 25
1593 3020 1643 3053 et.
1663 3016 1862 3053 ..subimus
1887 3028 1952 3050 om.
1982 3016 2058 3050 FC
2078 3015 2091 3062 Η

404 3074 447 3103 ‘128
473 3082 571 3113 supr.
606 3081 689 3105 cers:
718 3074 783 3103 613
818 3069 877 3103 hie
910 3067 1205 3102 circumstantiae
1241 3066 1514 3110 loci-temporis
1540 3076 1718 3110 personae
1744 3063 2007 3098 obseruandae.
2053 3065 2091 3096 et

404 3116 583 3151 rhetorice
617 3116 694 3161 agit
724 3116 817 3150 nihil
850 3115 947 3150 enim
980 3114 1081 3150 aliud
1113 3114 1146 3148 ei
1172 3114 1281 3148 nocet
1306 3113 1375 3148 nisi
1401 3113 1499 3158 quod
1523 3123 1677 3158 graecus
1703 3112 1768 3146 est.
1819 3111 1942 3146 cetera
1967 3121 2089 3145 narra-
