2204 3437
553 201 702 236 COMM.
731 201 781 235 ΙΝ
808 200 949 236 VERG.
976 200 1087 235 AEN.
1114 200 1154 233 V.
1181 204 1378 234 207-248.
1726 198 1811 237 (315

119 309 352 351 absolutos,
414 309 515 350 indo
561 312 625 350 est
675 309 939 350 damnabis
989 311 1042 349 tu
1093 322 1289 362 quoquo
1341 308 1497 361 votis,
1547 308 1667 361 quasi
1718 322 1812 347 reos

117 381 255 432 facies.

237 452 334 492 2:38.
385 463 608 493 PROICIAM
644 455 741 492 exta
769 449 1074 505 ‘proiciuntur'
1102 450 1147 490 in
1173 450 1339 502 fluctus,
1366 450 1450 490 aris
1477 448 1814 503 ‘porriciuntur’,

120 521 199 562 hoc
233 525 298 562 est
330 523 624 576 porriguntur:
658 522 739 562 nisi
772 523 883 562 forte
917 521 1107 562 dicamus
1135 521 1264 561 ctiam
1291 521 1490 561 fluctibus
1517 520 1669 561 offerri.
1703 519 1815 573 quod

125 592 160 632 si
193 595 270 645 est,
297 591 573 646 ‘porriciam'
605 593 831 646 legendum
865 595 945 647 est,
981 593 1025 633 id
1053 595 1109 633 est
1130 605 1256 644 porro
1288 593 1450 632 iacimn.

240 664 336 704 240.
387 675 650 712 PHORCIQVE
673 674 851 705 (1ΗοΙίνὸ
880 663 1031 704 Latine
1065 662 1148 703 thic
1170 662 1371 715 Phorcus7
1403 662 1529 702 huius
1555 659 1725 701 Phorci’
1758 660 1816 700 di-

121 734 271 775 cimus:
306 749 404 775 nam
438 734 546 788 apud
579 749 658 775 nos
692 734 853 776 Graeca
885 734 1009 775 huius
1041 733 1228 774 nominis
1255 748 1341 774 non
1368 735 1432 773 est
1459 732 1701 772 declinatio.
1752 735 1817 771 cst

121 806 264 845 autem
294 804 359 845 hic
390 805 575 847 Phorcus
607 806 708 847 deus
741 806 943 847 marinus.
1035 816 1339 853 PANOPEAQVE
1373 815 1514 845 VIRGO
1547 818 1630 843 una
1657 803 1706 843 de
1734 802 1815 843 Ne-

120 875 327 930 reidibus,
379 890 505 930 quam
557 877 649 917 ideo
703 877 937 930 separatim
981 876 1106 929 dixit,
1155 878 1203 916 ut
1253 874 1351 915 illas
1395 888 1481 914 non
1525 873 1711 927 virgines
1757 873 1817 913 in-

120 946 388 1001 tellegamus.
448 981 451 983 .

238 1018 334 1058 241.
384 1029 622 1060 PORTVNVS
656 1018 758 1059 deus
799 1018 988 1059 marinus
1030 1018 1101 1072 qui
1140 1017 1349 1070 portubus
1388 1018 1569 1069 praeest.
1632 1018 1673 1056 et
1710 1015 1816 1055 benc

114 1088 328 1142 '‘inpulit’
362 1104 458 1129 611111
491 1088 626 1142 ρ11136’
665 1089 751 1129 iam
783 1089 970 1130 vicinum
1010 1089 1166 1142 portui.
1234 1090 1338 1129 nota
1376 1089 1440 1127 est
1478 1088 1618 1127 autem
1660 1086 1817 1126 fabula·

127 1160 345 1213 indiynatci
375 1160 483 1201 Iuno
515 1161 622 1212 qnod
658 1174 704 1201 cx
727 1160 870 1212 pellice
906 1174 984 1201 sna
1015 1159 1166 1201 Semele
1197 1162 1320 1200 natus
1351 1158 1472 1199 Liber
1501 1160 1622 1210 pater
1658 1157 1708 1197 ab
1739 1157 1817 1197 Ino

121 1233 337 1271 matertera
373 1232 459 1272 eius
495 1234 591 1272 esset
627 1232 822 1284 namt-1213,
861 1231 1108 1272 Athanianti
1138 1231 1224 1271 viro
1255 1231 1359 1279 eius,
1397 1229 1481 1281 reyes
1522 1228 1816 1278 Thebanorum,

120 1301 202 1342 sive
221 1304 267 1341 ici
284 1301 450 1353 qnidam
475 1301 624 1355 volunt,
647 1300 1014 1355 02cliomemorum,
1038 1301 1217 1353 siworcm
1245 1301 1414 1350 inmisit,
1440 1300 1511 1352 <jud
1531 1333 1540 1341 .
1555 1334 1562 1341 .
1578 1332 1586 1340 .
1607 1298 1818 1340 Athamas

124 1374 224 1426 post
255 1372 442 1413 furorem
476 1387 500 1413 a
530 1371 692 1414 Iunone
724 1373 949 1413 inmissum
977 1387 1071 1414 cum
1100 1372 1238 1413 occiso
1265 1370 1453 1412 Learcho
1486 1371 1583 1424 silio,
1610 1371 1707 1411 dnm
1731 1384 1820 1410 enm

121 1444 254 1494 ferani
285 1444 418 1494 credit,
449 1443 715 1484 Melicertan]
760 1443 941 1484 alterum
978 1443 1116 1484 filium
1158 1457 1252 1483 cum
1284 1441 1363 1482 Ino
1401 1455 1531 1482 uxore
1571 1454 1646 1481 sua
1683 1455 1821 1494 perse-

123 1517 335 1569 queretur,
368 1518 411 1556 et
443 1529 486 1556 se
520 1514 585 1555 illi
617 1514 660 1555 in
693 1529 808 1555 mare
848 1514 1221 1568 praecipitassent,
1260 1513 1479 1554 voluntate
1517 1511 1739 1552 numinum
1778 1511 1818 1550 in

124 1585 223 1626 deos
257 1585 368 1626 versi
402 1590 518 1627 sunt:
551 1584 774 1626 Melicerta
806 1586 851 1626 in
889 1585 1145 1639 Portunum,
1184 1584 1256 1639 qui
1295 1583 1454 1625 Graece
1494 1583 1727 1624 Palaemon
1765 1581 1822 1622 di-

124 1656 244 1710 citur,
275 1656 352 1697 Ino
385 1657 427 1698 in
459 1659 641 1697 matrem
675 1656 899 1709 Matutam,
932 1670 1039 1710 quae
1073 1655 1231 1697 Graece
1263 1655 1416 1696 dicitur
1447 1654 1702 1696 Leucothea.

241 1727 339 1768 243.
389 1739 542 1769 PORTV
589 1738 640 1769 sn
691 1739 918 1769 CONDIDIT
970 1738 1091 1768 ALTo
1138 1726 1178 1767 id
1224 1729 1289 1767 est
1332 1740 1463 1780 usque
1515 1725 1567 1766 ad
1616 1725 1822 1765 interiora

133 1799 337 1852 pervenit.

242 1869 340 1910 244.
390 1881 453 1911 EX
483 1881 610 1911 MORE
645 1866 853 1923 ludorum,
887 1870 1050 1910 scilicet
1081 1883 1156 1923 per
1187 1883 1451 1922 praeconem.

242 1939 340 1981 245.
390 1952 630 1982 VICTOREM
663 1940 890 1994 ‘primum’
924 1939 1169 1982 Cloanthum
1201 1939 1423 1980 subaudis:
1458 1953 1555 1979 nam
1583 1940 1625 1978 et
1649 1937 1712 1978 illi
1740 1928 1841 1977 duo

124 2011 309 2052 victores
343 2015 442 2052 sunt
475 2011 683 2066 Sergesti:
724 2011 832 2052 unde
864 2011 992 2064 paulo
1025 2013 1122 2064 post
1159 2009 1277 2050 habes
1315 2009 1456 2063 <493>
1497 2024 1639 2063 quem
1679 2008 1822 2049 modo

123 2082 299 2124 navali
330 2081 626 2124 Mnestheus
660 2081 942 2123 certamine
974 2081 1144 2122 victor
1177 2081 1520 2134 consequitur.

246 2153 343 2194 248.
393 2165 487 2194 DAT
519 2165 670 2194 FERRE
702 2156 748 2194 nt
774 2153 893 2205 ferat.
957 2150 1165 2193 Graecum
1201 2153 1266 2192 est
1297 2151 1378 2192 duo
1405 2151 1534 2192 verba
1561 2150 1826 2204 coniungere,

226 2263 241 2292 1
270 2257 480 2303 damnabis]
518 2258 597 2292 buc.
626 2257 658 2291 V
682 2260 727 2291 80
761 2259 772 2301 Η
809 2260 829 2290 3
857 2257 941 2290 exta
966 2255 1194 2300 proiciuntur
1225 2266 1254 2290 6.
1282 2268 1314 2299 q.
1343 2255 1387 2301 s.]
1414 2255 1458 2290 cf.
1484 2255 1644 2289 Macrob.
1674 2254 1746 2289 Sat.
1780 2255 1826 2287 {H

128 2310 160 2349 2,
190 2310 206 2339 1
229 2317 306 2350 sqq.
333 2306 345 2349 ss
372 2310 391 2339 5
417 2304 440 2339 i.
469 2316 498 2340 e.
528 2316 638 2349 porro
665 2304 814 2350 iaciam]
843 2304 887 2338 cf.
915 2303 1019 2337 Pauli
1046 2302 1140 2338 Fest.
1169 2315 1185 2337 s
1222 2315 1255 2340 v,
1284 2302 1510 2347 ‘porriciam’
1538 2303 1549 2346 ΙΙ
1580 2306 1621 2336 15
1648 2302 1826 2335 Athamas

128 2354 213 2397 post
236 2352 398 2387 furorem
424 2363 453 2387 e.
484 2364 517 2396 q.
548 2352 594 2398 s.]
623 2352 668 2386 cf.
695 2352 798 2386 Luct.
827 2351 926 2386 Plac.
955 2350 1002 2385 ad
1028 2350 1119 2385 Stat.
1148 2350 1261 2385 Theb.
1284 2351 1297 2383 Ι
1321 2354 1362 2384 13
1390 2351 1427 2384 et
1451 2349 1517 2383 Vll
1539 2354 1617 2384 421.
1644 2349 1827 2392 mythogr.

128 2400 162 2433 II
189 2401 263 2444 7911
289 2403 332 2434 27
361 2399 544 2434 Graecum
572 2401 629 2434 est
656 2428 662 2434 .
693 2427 699 2433 .
729 2428 735 2434 .
763 2397 899 2443 poetis]
930 2398 973 2432 cf.
1001 2397 1092 2433 Don.
1120 2398 1165 2432 ad
1193 2398 1274 2431 Ter.
1301 2397 1411 2432 Andr.
1439 2397 1489 2430 III
1515 2401 1546 2440 2,
1573 2401 1593 2430 4

226 2499 243 2528 1
273 2493 492 2538 dampnabis
521 2493 550 2529 G
565 2495 576 2538 ΙΙ
595 2504 678 2528 reor
697 2493 736 2528 F
751 2493 763 2537 11
783 2496 802 2527 2
830 2491 943 2527 facies
969 2493 1048 2527 hab.
1067 2492 1096 2527 C
1113 2496 1144 2526 et
1165 2493 1276 2526 edidit
1297 2493 1501 2536 Stephanus
1520 2492 1531 2535 Η
1552 2495 1571 2523 3
1592 2492 1694 2524 extra
1713 2490 1751 2523 Ν
1760 2490 1798 2523 H
1818 2491 1827 2533 ᾗ

131 2542 169 2576 111
194 2542 328 2575 fluctus
355 2540 443 2586 aris]
470 2541 507 2575 in
534 2541 648 2576 fluctu
673 2540 785 2575 maris
813 2540 861 2573 M
901 2540 938 2573 in
963 2539 1114 2574 fluctum
1141 2539 1213 2573 aris
1238 2551 1333 2573 mun.
1353 2550 1418 2574 rec.
1441 2540 1481 2572 in
1500 2539 1531 2571 J.
1552 2539 1563 2581 ΙΙ
1582 2537 1828 2581 pori-iniuntur

129 2590 187 2623 N:
212 2588 402 2633 piciuntur
427 2588 467 2622 F
503 2588 733 2633 poriciuntur
762 2587 842 2622 CH
875 2586 1106 2630 proiciuntur
1132 2586 1166 2620 L
1193 2588 1232 2629 (1.
1253 2586 1484 2631 poriciuntur
1503 2595 1676 2629 snperscr.
1698 2585 1708 2618 I
1713 2596 1734 2627 )‚
1762 2595 1826 2618 om.

130 2639 177 2671 M
196 2637 208 2681 ss
240 2641 262 2669 4
287 2635 357 2671 hoc
384 2637 440 2670 est
464 2635 703 2680 porriguntur
729 2646 795 2669 om.
823 2634 853 2669 C
881 2636 892 2678 ΙΙ
928 2634 999 2668 hoc
1025 2635 1082 2668 est
1105 2644 1170 2668 om.
1198 2634 1242 2675 L,
1267 2634 1385 2678 suppl.
1414 2634 1426 2667 l
1456 2634 1467 2677 ΙΙ
1506 2636 1524 2666 5
1552 2632 1747 2676 porriciam
1775 2631 1828 2664 1³.-

130 2683 310 2728 poriciam
335 2683 468 2726 reliqui·
486 2684 498 2727 ΙΙ
517 2685 573 2717 est
597 2694 663 2716 om.
681 2683 727 2716 M
745 2684 756 2725 ΙΙ
775 2681 813 2715 id
842 2683 898 2715 est
923 2692 1031 2725 porro
1058 2680 1191 2716 iaciam
1215 2682 1328 2715 edidit
1349 2681 1552 2724 ,Stephanus
1571 2680 1582 2722 ΙΙ
1602 2679 1742 2713 iaceam
1762 2678 1801 2711 F
1818 2680 1819 2721 ξ

133 2735 152 2765 6
179 2730 301 2765 forcus
327 2733 358 2764 et
384 2728 477 2764 forci
503 2730 589 2765 libri
625 2732 636 2774 ΙΙ
675 2733 693 2764 7
721 2728 938 2774 declinatio]
978 2726 1122 2771 Φόρκυς
1149 2725 1318 2770 Φόρκυος
1344 2727 1442 2771 quod
1467 2726 1651 2761 interdum
1679 2723 1827 2768 Φόρκυν

135 2774 325 2821 Φόρκυνος
351 2776 487 2811 dicitur
512 2777 608 2811 unde
634 2777 802 2811 Lucanus
828 2775 866 2809 in
892 2775 990 2810 VIII.
1017 2775 1081 2818 (IX
1103 2777 1183 2819 626)
1215 2774 1481 2818 ‘Phorcynidos
1509 2785 1573 2808 ora
1598 2774 1675 2816 (sic)
1702 2772 1826 2806 Medu—

134 2825 215 2860 sae’
251 2824 408 2870 protulit
443 2825 527 2859 add.
554 2824 592 2858 D
629 2825 640 2868 ΙΙ
679 2828 698 2858 8
731 2823 790 2857 hic
818 2824 945 2867 portus
972 2823 1018 2856 F.
1065 2824 1113 2857 acl
1138 2833 1224 2857 vers.
1252 2826 1319 2856 ‘240
1346 2823 1390 2856 ab
1417 2832 1457 2855 ea
1483 2832 1593 2855 'mann
1620 2831 1709 2864 quae
1734 2820 1828 2853 notis

133 2873 330 2907 tironianis
355 2882 423 2906 usa
448 2875 498 2905 est
523 2871 709 2914 phorchus
735 2881 796 2905 rex
823 2869 1005 2904 sardiniae
1030 2869 1101 2903 fuit
1127 2880 1323 2903 conuersus
1349 2869 1386 2902 in
1411 2880 1545 2902 numen
1581 2867 1761 2901 marinum
1787 2867 1828 2900 in

133 2930 247 2964 mai-9.
278 2919 336 2963 ΤΗ
358 2923 400 2952 14
426 2918 662 2952 anthamanti
689 2917 754 2961 Fu
774 2928 858 2961 rege
885 2916 924 2950 1⁴*
940 2918 952 2961 ΙΙ
984 2921 1025 2951 15
1053 2916 1397 2951 horchomeniorum
1424 2915 1490 2959 Fu
1509 2915 1571 2958 qui
1598 2926 1680 2947 cuni
1708 2913 1828 2948 occiso

135 2966 282 3001 learcho
309 2978 334 3001 e.
362 2977 392 3010 q.
419 2976 446 3000 s.
474 2965 512 2999 F
540 2966 552 3009 H
591 2969 632 2999 17
659 2964 737 2998 fera
763 2964 802 2998 1³
824 2967 835 3008 ΙΙ
866 2964 1097 2998 melicertum
1124 2964 1163 2997 F
1191 2965 1202 3007 Η
1234 2964 1314 3008 sua]
1342 2962 1406 2996 Ino
1432 2973 1530 3006 supr.
1558 2973 1644 2996 vers.
1671 2961 1754 2995 add.
1781 2961 1792 2994 l
1817 2964 1827 3005 ..¹

139 3017 180 3048 18
207 3013 260 3059 et]
287 3014 329 3048 ut
353 3015 399 3047 M
414 3013 426 3056 ΙΙ
445 3013 676 3047 uoluntatem
701 3011 856 3045 iminum
882 3011 921 3045 1⁸
937 3013 948 3055 Ι]
971 3015 1011 3045 19
1038 3011 1230 3046 meliccrtu
1252 3010 1290 3043 F
1322 3009 1408 3043 meli
1435 3009 1575 3043 incerta
1596 3008 1626 3041 J,
1645 3009 1657 3052 ΙΙ
1677 3007 1825 3051 dicitur}

136 3070 223 3094 nam
246 3057 355 3105 λιμὴν
381 3058 529 3104 λιμένος
554 3060 680 3104 portus
707 3058 842 3093 dicitur
867 3058 962 3092 unde
988 3057 1188 3092 Palaemon
1215 3058 1297 3091 (ald.
1325 3056 1362 3090 J)
1390 3057 1402 3099 ΙΙ
1432 3060 1475 3090 20
1503 3056 1540 3089 111
1568 3058 1722 3089 matrem
1750 3067 1826 3088 mu-

136 3109 253 3142 tatam
279 3107 318 3141 F
352 3107 390 3141 in
417 3109 534 3142 matre
560 3108 703 3140 mutata
728 3105 856 3139 NML
882 3105 935 3149 (in
961 3107 1114 3139 matrem
1139 3105 1283 3138 matuta
1310 3104 1333 3146 l)
1354 3105 1365 3149 Η
1391 3103 1614 3138 leuchothea
1639 3102 1719 3136 NL
1752 3102 1826 3136 leu-

137 3156 244 3190 eatea
268 3154 301 3188 L
326 3154 399 3198 (sed
425 3155 529 3188 catea
553 3154 594 3188 in
618 3163 691 3188 ras.
717 3154 743 3197 l)
764 3154 838 3198 {125
865 3154 950 3187 sunt
974 3163 1039 3188 om.
1066 3151 1141 3186 FC
1157 3153 1169 3196 ΙΙ
1188 3150 1282 3185 unde
1309 3160 1373 3186 om.
1402 3149 1432 3185 Ο

1847 952 1888 981 10

1862 1997 1868 2009 l

1849 2017 1892 2046 25
