2204 3437
292 883 335 912 10

295 1237 336 1267 15

298 1589 341 1619 20

361 146 416 186 86
1127 143 1286 179 sERVu

357 254 474 294 vium
514 253 588 306 sit,
629 254 721 294 alae
754 267 854 294 vero
888 252 1041 293 avium.
1103 254 1145 293 et
1178 251 1395 293 sciendum
1428 253 1495 292 est
1527 265 1618 292 esse
1650 251 1888 304 reciprocas
1921 253 2056 291 trans-

358 325 561 378 lationes,
596 338 687 365 esse
721 327 764 365 et
795 323 929 377 partis
956 323 1092 364 unius.
1202 333 1426 364 IACENTES
1458 324 1531 362 aut
1557 321 1600 362 in
1627 321 1805 375 longum
1831 321 2057 375 expositas,

359 397 434 436 aut
478 395 699 449 proprium
745 395 965 448 epitheton
1011 397 1076 435 est
1121 397 1348 447 terrarum3
1392 407 1493 433 nam
1534 406 1628 433 cum
1668 394 1809 433 cetera
1846 392 2058 433 elementa

360 466 538 507 mobilia
577 466 680 518 sint,
727 465 818 506 sola
854 467 971 506 terra
1010 465 1178 506 stabilis
1217 467 1298 518 est,
1342 463 1450 504 unde
1489 466 1531 505 et
1568 463 1696 504 bruta
1733 463 1898 504 dicitur.
1959 463 2060 504 alibi

363 539 553 577 tantum
584 536 741 588 campi
772 536 908 577 iacet.

480 606 576 647 225.
621 617 766 648 LATOS
794 617 998 648 POPVLOS
1026 621 1121 647 cum
1146 606 1327 660 populos
1353 620 1529 647 numero
1556 605 1712 659 plurali
1733 604 1910 646 elicimus
1931 606 2058 646 urbes

362 677 669 731 significamus,
703 691 798 717 cum
824 691 923 718 vero
949 677 1172 731 populum,
1204 676 1329 717 unius
1362 676 1682 717 multitudinem
1715 675 1903 717 civitatis
1936 676 2059 717 intel-

361 747 556 801 legimus.
678 758 747 788 SIC
781 747 824 787 id
857 750 922 788 est
954 748 1030 801 sic,
1062 750 1109 788 ut
1141 747 1225 788 ista
1257 747 1531 800 conspiceret.

480 818 577 859 226.
627 829 686 858 ET
720 829 889 859 LIBYAE
923 829 1113 859 DEFIXIT
1141 828 1318 858 LVMINA
1350 827 1515 858 REGNIS
1548 818 1894 870 prooeconomia,
1928 817 1970 858 id
1997 820 2062 858 est

363 888 589 942 dispositio
623 889 838 929 carminis.
900 888 1185 942 vituperabile
1226 887 1339 928 enim
1378 887 1535 940 fuerat,
1575 887 1611 928 si
1650 902 1699 928 ex
1734 888 1916 942 abrupto
1949 890 2062 929 tran-

364 960 496 1000 situm
537 959 714 1012 faceret,
756 959 866 1013 quod
905 960 949 1000 in
986 973 1098 1000 nono
1138 958 1257 1000 fecit:
1298 973 1405 1012 quae
1437 973 1504 999 res
1544 961 1689 999 tamen
1721 961 1948 1000 excusatur
1979 974 2062 1000 uno

364 1044 560 1071 sermone
599 1032 751 1083 atque
797 1044 852 1070 ea
891 1029 1094 1070 diversa
1137 1029 1342 1083 penitus
1382 1029 1494 1070 dum
1537 1032 1683 1083 parte
1716 1032 1983 1083 geruntur,
2022 1030 2064 1070 id

365 1090 429 1141 est
462 1100 609 1141 eodem
640 1102 852 1153 tempore,
891 1100 1002 1154 quod
1043 1100 1183 1141 solum
1215 1103 1279 1141 est
1310 1101 1623 1154 interpositum.
1683 1115 1795 1141 nunc
1826 1114 1924 1141 vero
1957 1100 2064 1142 bene

365 1171 557 1224 transiit,
603 1171 702 1225 quia
746 1170 912 1211 inducit
948 1170 1093 1211 Iovem
1133 1173 1175 1211 et
1219 1171 1268 1211 de
1312 1171 1437 1211 rebus
1482 1170 1681 1212 humanis
1721 1171 1985 1224 cogitantem
2023 1175 2066 1212 et

366 1241 558 1282 Africam
586 1240 904 1295 respicientem,
938 1240 991 1281 ad
1019 1255 1145 1295 quam
1172 1255 1324 1282 venere
1345 1241 1532 1282 Troiani.
1583 1241 1691 1282 unde
1718 1241 1921 1283 honestus
1949 1242 2065 1283 color

367 1316 449 1365 est,
493 1313 541 1352 ut
577 1310 722 1352 Venus
768 1311 892 1352 adeat
935 1310 1098 1364 Iovem,
1142 1311 1298 1352 timens
1343 1326 1395 1352 ne
1440 1311 1636 1353 Romana
1679 1312 1770 1353 fata
1811 1311 2065 1367 Carthagini

367 1381 588 1434 concedat3
622 1382 724 1423 felix
758 1382 870 1422 enim
902 1384 1078 1423 eventus
1112 1382 1304 1435 sequitur
1336 1382 1432 1424 loca
1459 1397 1566 1436 quae
1593 1383 1828 1436 respexerit
1855 1383 2065 1437 Iuppiter:

366 1453 475 1494 unde
502 1452 547 1493 in
574 1452 754 1493 secundo
783 1453 844 1493 ait
877 1452 1048 1506 aspice
1080 1467 1170 1493 nos
1203 1452 1296 1493 hoc
1326 1455 1524 1493 tantum
1558 1455 1599 1494 et
1632 1453 1735 1493 alibi
1770 1456 1920 1508 atque
1953 1468 2065 1495 ocu-

367 1524 443 1565 los
476 1523 786 1564 Rutulorum
819 1524 970 1565 reicit
1003 1523 1157 1577 arvis,
1189 1523 1262 1564 ubi
1296 1526 1388 1564 erat
1421 1523 1564 1564 futura
1596 1523 1787 1564 victoria.

488 1594 583 1634 227.
635 1605 781 1635 TALEs
814 1594 864 1634 de
895 1593 1022 1634 rebus
1054 1591 1274 1635 humanis]
1380 1598 1649 1634 IACTANTEM
1681 1605 1891 1635 PECTORE
1922 1606 2066 1637 CVRAs

366 1678 478 1705 nunc
517 1664 747 1705 secundum
787 1664 952 1706 Stoicos
991 1664 1198 1718 loquitur,
1243 1665 1314 1718 qui
1358 1664 1458 1705 deos
1497 1663 1646 1705 dicunt
1682 1664 1869 1706 humana
1907 1680 2068 1720 curare,

367 1735 580 1776 interdum
614 1735 843 1776 secundum
876 1735 1128 1789 EpiciireOS‚
1161 1735 1330 1788 poetica
1361 1737 1486 1776 utens
1519 1735 1706 1777 licentia.

487 1806 584 1847 228.
635 1817 850 1847 TRISTIOR
877 1805 1197 1859 conparativum
1232 1806 1377 1859 posuit
1404 1821 1480 1860 pro
1507 1807 1707 1860 positivo.
1758 1807 1926 1861 quando
1957 1808 2068 1848 enim

370 1876 507 1917 tristis
542 1878 607 1916 est
638 1874 802 1930 Venus,
842 1878 890 1916 ut
920 1889 1033 1917 nunc
1066 1874 1274 1917 ‘tristior’
1308 1870 1548 1918 diceretur?
1586 1878 1643 1918 sic
1674 1877 1896 1919 Sallustius
1926 1882 2069 1931 utque

465 1996 485 2026 5
512 1991 672 2035 tantum]
700 2002 824 2035 georg.
853 1992 901 2025 [II
928 1995 995 2025 343
1027 1993 1039 2035 ΙΙ
1071 1996 1091 2026 6
1119 2002 1201 2025 cum
1228 1992 1385 2035 populos
1413 2004 1441 2026 e.
1469 2004 1502 2036 q.
1531 1993 1573 2037 s.]
1611 2004 1724 2027 exscr.
1752 1993 1836 2027 Isid.
1864 1994 1938 2029 diff.
1966 1996 2065 2029 verb.

371 2043 438 2073 450
464 2040 475 2083 ΙΙ
510 2043 550 2072 12
578 2039 704 2083 atquc]
734 2039 774 2072 A
802 2039 851 2073 IX
880 2043 895 2072 1
926 2040 937 2082 ΙΙ
971 2041 1012 2072 18
1040 2038 1180 2083 aspice]
1208 2039 1248 2072 A.
1278 2040 1309 2072 ll
1336 2043 1403 2073 690
1433 2041 1444 2083 Η
1476 2040 1603 2085 atque]
1632 2044 1672 2075 A.
1701 2040 1732 2073 X
1759 2045 1825 2075 473
1859 2043 1871 2084 Η
1902 2045 1943 2075 21
1972 2054 2068 2077 nunc

373 2086 572 2121 secundum
599 2096 628 2119 e.
655 2097 690 2128 q.
717 2086 761 2130 5.]
791 2085 893 2119 Luct.
920 2086 1017 2120 Plac.
1045 2085 1102 2119 ad.
1131 2085 1225 2120 Stat.
1253 2086 1366 2120 Theb
1394 2086 1444 2119 III
1471 2088 1569 2131 35011
1596 2091 1638 2121 23
1667 2088 1960 2131 comparativum
1988 2118 1994 2124 .
2023 2119 2030 2125 .
2060 2119 2067 2125 .

371 2132 547 2177 positivo]
585 2132 628 2166 cf.
658 2132 774 2166 Servii
802 2132 952 2177 [Smgii]
982 2144 1113 2167 comm.
1140 2132 1178 2166 in
1204 2132 1295 2167 Don.
1323 2145 1356 2176 p.
1384 2138 1463 2175 431,
1494 2138 1513 2168 8
1540 2134 1582 2168 K
1615 2135 1626 2178 ΙΙ
1664 2138 1708 2168 24
1736 2134 1949 2181 Sallustius]
1983 2137 2067 2171 hist.

371 2179 501 2224 fiagm.
530 2180 579 2212 ΠΙ
607 2182 645 2213 51
678 2178 788 2213 Kritz.

466 2290 485 2320 2
514 2296 590 2320 0550
616 2295 681 2320 om.
708 2284 744 2318 Β
755 2284 840 2319 CM
872 2287 969 2328 (post
995 2285 1111 2337 partis
1137 2286 1219 2320 add.
1249 2285 1306 2329 (1³)
1338 2288 1349 2330 ΙΙ
1381 2290 1401 2321 4
1428 2287 1513 2320 sunt
1538 2287 1635 2321 HM
1663 2289 1675 2331 Η
1707 2287 1850 2322 dicitur.
1901 2289 2004 2323 aut‘
2015 2288 2067 2324 13-

373 2333 518 2367 centes'
554 2332 705 2366 inferius
737 2331 895 2375 positas,
933 2333 1018 2366 sunt
1049 2331 1146 2366 enim
1180 2332 1344 2367 omnium
1376 2333 1521 2368 infimae
1555 2334 1819 2369 elementorum
1846 2335 1884 2368 D
1920 2336 1932 2379 ΙΙ
1969 2340 1987 2370 7
2014 2335 2068 2370 in—

372 2379 600 2423 tellegimus
627 2381 669 2413 ut
696 2378 889 2422 ‘populum
916 2379 991 2413 late
1017 2380 1177 2422 regem'3
1209 2379 1252 2414 de
1280 2380 1445 2415 Romano
1473 2381 1569 2415 enim
1595 2381 1787 2416 intellexit.
1816 2382 1854 2415 D
1872 2383 1883 2426 ΙΙ
1903 2386 1923 2416 8
1950 2383 1987 2416 id
2013 2384 2070 2417 est

373 2427 425 2461 sic
450 2428 492 2460 ut
516 2427 664 2469 sampsi:
697 2425 785 2469 quid
817 2427 873 2460 est
904 2426 954 2460 sic
986 2427 1026 2459 ut
1051 2426 1143 2467 KG„
1175 2428 1250 2461 nisi
1275 2428 1369 2471 quod
1394 2427 1458 2470 qui
1484 2428 1621 2462 letteras
1649 2429 1693 2463 03
1717 2430 1757 2463 in
1784 2440 1854 2463 ras.
1900 2430 1988 2472 quid
2015 2432 2071 2464 est

373 2473 448 2508 sic?
475 2473 512 2507 id
539 2475 595 2508 est
620 2474 661 2506 ut
686 2473 763 2505 Β]
774 2473 820 2506 Π
863 2472 949 2516 quid
976 2474 1032 2507 est
1064 2473 1115 2506 510
1142 2475 1198 2507 est
1223 2475 1264 2507 ut
1290 2474 1333 2507 H
1365 2476 1376 2518 Ι]
1414 2479 1432 2508 9
1460 2476 1508 2509 ad
1533 2486 1564 2509 2
1594 2479 1660 2509 226
1694 2476 1741 2509 Et
1772 2475 1910 2519 Libyae
1943 2477 2071 2511 defixit

373 2519 515 2554 lumina
542 2520 680 2564 regnis]
708 2519 992 2563 prooeconomia
1020 2547 1025 2553 .
1049 2547 1055 2553 .
1079 2520 1261 2555 ‚faceret
1300 2532 1395 2555 nuuc
1415 2532 1502 2556 uero
1529 2522 1620 2556 bene
1647 2523 1781 2557 tiansit
1805 2523 1903 2566 quod
1928 2523 2070 2558 inducit

375 2567 518 2610 Iouem,
550 2577 622 2600 non
651 2566 745 2600 sicut
770 2566 806 2599 in
833 2578 929 2601 nono
963 2566 1089 2600 fecit
1101 2568 1212 2610 atque
1240 2579 1282 2601 ea
1309 2568 1455 2602 diuersa
1480 2568 1647 2613 penitus'
1677 2571 1714 2603 et
1738 2569 1892 2613 leliqua.
1943 2571 2069 2604 tamen

376 2595 569 2647 excusatur
594 2625 665 2647 uno
693 2624 858 2647 sermone
888 2614 1021 2657 ‘atque
1053 2614 1114 2648 ea’
1162 2614 1197 2647 id
1225 2616 1280 2648 est
1306 2626 1348 2649 eo
1375 2617 1556 2660 tempore,
1591 2616 1735 2660 quod
1721 2616 1839 2651 50111111
1873 2618 1929 2650 est
1958 2617 2068 2651 inter-

375 2661 546 2705 positum.
581 2660 612 2693 P
634 2661 645 2704 ΙΙ
670 2660 825 2704 pulchra
850 2661 1132 2704 ρ10000011011111
1160 2662 1262 2714 asmo
1287 2663 1298 2705 ΙΙ
1324 2663 1609 2706 prooeconomia
1635 2664 1689 2696 est
1716 2663 1836 2697 lim-‘³2
1854 2665 1865 2708 ΙΙ
1896 2668 1936 2697 11
1967 2664 2067 2710 fecit]

376 2708 516 2742 fecerat
543 2708 589 2740 M
607 2708 618 2751 ΙΙ
644 2718 737 2751 quae
763 2718 820 2740 res
848 2734 853 2739 .
878 2734 883 2740 .
906 2735 912 2741 .
940 2708 1131 2752 gemntur}
1159 2709 1210 2742 sic
1236 2709 1351 2742 locum
1376 2710 1564 2743 constitui
1591 2711 1700 2753 atque
1728 2721 1771 2745 ea
1797 2710 1943 2745 diuersa
1968 2712 2068 2754 peni-

376 2755 434 2788 tus
461 2754 548 2788 dum
574 2755 678 2798 palte
706 2754 882 2798 geruntur
908 2765 1001 2797 quae
1027 2766 1084 2788 res
1110 2756 1234 2788 tamon
1261 2759 1454 2790 excusatui
1479 2767 1550 2790 uno
1572 2768 1737 2792 sumone
1764 2758 1875 2801 atque
1902 2768 1946 2792 03.
1971 2758 2066 2797 libii,

375 2802 449 2835 nisi
475 2801 569 2845 quod
595 2781 726 2844 atqueD
734 2812 775 2834 ea
802 2801 1009 2844 (›7›1.(J.cf.
1032 2801 1128 2835 Seru!
1156 2803 1203 2836 ad
1224 2802 1311 2837 Aen.
1335 2803 1383 2835 IX
1407 2808 1422 2836 1
1445 2805 1456 2847 Ι]
1479 2808 1518 2836 13
1547 2804 1691 2849 oodoni]
1719 2815 1762 2838 eo
1786 2804 1842 2848 ΟΗ
1863 2804 2020 2839 solatum
2043 2804 2073 2839 G

377 2848 510 2891 (50111111
538 2848 595 2891 (7²)
621 2849 633 2891 1]
660 2852 702 2881 14
733 2848 866 2882 transit
893 2847 924 2882 G
947 2849 959 2890 ΙΙ
992 2852 1033 2882 16
1060 2850 1102 2882 ut
1127 2860 1241 2883 uenus
1269 2850 1314 2883 ad
1340 2850 1461 2884 ionem
1490 2851 1651 2894 loquitur
1679 2851 1708 2885 G
1741 2853 1795 2893 (ut
1819 2863 1934 2885 uenus
1960 2851 2071 2886 adeat

377 2895 498 2929 iouem
521 2895 557 2929 C
556 2895 577 2939 )
603 2896 615 2939 Ι]
648 2898 690 2928 18
719 2895 771 2929 ait
796 2906 859 2929 om.
883 2895 921 2927 lx
929 2895 958 2929 G
985 2896 997 2939 Η
1030 2899 1070 2929 -22
1098 2895 1385 2937 licentia,1111de
1411 2897 1502 2931 illud
1530 2898 1600 2940 (ecl
1630 2898 1714 2931 VIH
1740 2898 1839 2941 35)‘
1849 2909 1916 2932 nec
1943 2909 2068 2932 curare

379 2942 486 2975 deum
520 2942 637 2976 eredis
673 2941 844 2976 moitalia
878 2942 1120 2986 quemquam’
1153 2943 1187 2975 1)
1217 2945 1228 2986 Ι]
1259 2948 1302 2977 23
1330 2944 1378 2977 ad
1405 2955 1432 2979 r.
1460 2948 1527 2978 228
1562 2944 1695 2978 Oculos
1728 2944 1862 2979 suffusa
1892 2945 2067 2990 nitentes]

1380 3010 1394 3027 1⁴

379 3034 516 3069 nitidos
542 3036 665 3070 oculos
693 3065 697 3069 .
722 3065 726 3069 .
751 3066 756 3071 .
785 3035 946 3070 deiectus
973 3035 1146 3070 animum.
1178 3035 1211 3068 1¹
1227 3036 1239 3079 ΙΙ
1258 3040 1302 3069 24
1329 3036 1470 3071 dicetur
1490 3037 1531 3070 K
1554 3039 1584 3080 (r
1608 3048 1781 3081 superser.
1798 3048 1857 3081 pr.
1878 3038 1936 3081 m.)
1972 3038 2067 3072 dice—

380 3082 479 3115 retur
500 3082 543 3125 G,
569 3084 628 3117 sed
654 3094 691 3116 1-0
718 3083 857 3118 litterae
882 3096 905 3118 α
929 3094 993 3118 sec.
1023 3084 1073 3117 rel
1097 3083 1205 3118 tertia
1229 3093 1341 3117 manu
1366 3084 1406 3117 in
1432 3094 1574 3119 rasura.
