2204 3437
810 182 1095 218 PRAEFATIO.
1663 182 1797 216 XLVII

105 295 331 337 Danielina
362 294 527 337 scholia
566 308 673 348 quae
712 307 736 333 a
768 291 1075 333 Servianorum
1113 290 1353 331 rationibus
1386 304 1473 331 non
1506 290 1799 344 abhorrerent,

107 381 156 408 ea
193 366 431 408 similitudo
472 368 640 407 tantum
680 364 821 405 valere
860 362 1003 415 debet,
1044 363 1092 401 ut
1134 362 1225 402 sine
1267 361 1459 402 codicum
1502 363 1576 401 aut
1616 362 1798 402 aliorum

107 437 364 491 scriptorum
396 436 658 478 testimoniis
681 433 828 475 Servio
857 433 1104 472 tribuantur
1116 429 1146 485 ¹)
1181 446 1289 484 quae
1316 431 1463 472 eadem
1489 431 1800 484 probabilitate

107 508 159 548 ad
192 510 571 550 commentatorem
599 506 785 559 aliquem
819 502 966 544 Servio
1000 502 1221 556 aequalem
1247 502 1334 543 fere
1362 504 1404 543 et
1431 502 1561 543 simili
1593 502 1800 555 interpre-

107 579 226 620 tandi
258 579 424 620 ratione
456 592 580 619 usum
612 576 867 618 referuntur.

222 649 368 691 Etiam
401 649 451 691 de
483 648 675 690 fontibus
709 648 751 686 et
775 647 971 697 tempore
998 643 1200 696 plenioris
1222 644 1518 685 commentarii
1552 643 1675 684 libris
1703 643 1801 695 illis,

108 720 158 761 de
191 721 344 775 quibus
384 735 512 774 supra
543 719 648 772 dixi,
688 719 814 770 atque
846 714 1002 755 Isidori
1042 714 1280 768 originibus
1319 715 1503 756 maxime
1542 713 1801 768 comparatis

107 792 314 845 quaedam
346 790 545 846 cognosci
575 789 827 844 potuerunt,
860 788 908 826 ut
940 785 1027 825 iam
1059 787 1229 839 tempus
1263 800 1355 827 esse
1382 786 1577 827 videatur
1609 799 1718 838 quae
1751 784 1801 824 de

107 863 168 903 eis
200 863 328 904 rebus
361 866 404 903 et
436 862 486 903 de
518 862 632 914 loco,
671 860 714 900 in
748 871 831 912 quo
864 855 1095 899 Danielina
1128 856 1293 898 scholia
1326 871 1420 897 cum
1454 856 1670 898 Servianis
1704 869 1804 897 con-

107 934 252 975 iuncta
284 933 387 986 sint,
418 932 631 974 invenisse
663 944 731 971 me
763 942 887 982 spero
928 927 1109 968 collecta
1148 942 1396 982 proponere.
1447 927 1519 969 sed
1558 929 1656 967 ante
1698 940 1804 980 opus

107 1132 179 1156 non
205 1121 248 1155 de
277 1120 422 1164 Servio,
455 1121 519 1155 sed
545 1120 590 1154 de
618 1116 860 1162 compilatore
892 1114 953 1149 vel
980 1116 1192 1160 excerptore
1224 1114 1350 1158 aliquo
1384 1115 1620 1157 (redacteur),
1654 1125 1726 1148 non
1761 1114 1804 1148 de

108 1173 374 1208 commentario
415 1174 478 1208 sed
517 1175 562 1208 de
602 1170 820 1208 collectione
860 1167 1085 1203 scholiorum
1121 1168 1285 1212 (recueil)
1322 1169 1495 1212 loquitur.
1639 1170 1670 1210 1)
1710 1178 1804 1210 quae

108 1227 154 1262 ad
180 1229 270 1261 Aen.
298 1226 426 1261 11445
471 1227 515 1262 de
554 1227 683 1260 domus
717 1221 878 1258 nominis
917 1220 1164 1255 declinatione
1202 1219 1240 1253 in
1271 1232 1343 1255 uno
1372 1219 1584 1255 Cassellano
1618 1219 1806 1264 adscripta

108 1281 193 1314 sunt
234 1281 387 1325 propter
433 1278 601 1314 Cledonii
653 1280 690 1312 et
733 1274 901 1320 Pompeii
946 1273 1162 1308 testimonia
1204 1275 1242 1308 et
1289 1273 1544 1308 commentarii
1589 1272 1626 1306 in
1671 1272 1807 1307 Donati

107 1334 223 1367 artem
261 1332 543 1367 similitudinem
570 1332 617 1366 ad
644 1330 814 1365 Servium
840 1326 1023 1362 revocavi.
1056 1326 1146 1360 Aen.
1174 1327 1206 1360 V
1233 1331 1299 1362 801
1335 1329 1371 1361 et
1397 1331 1463 1361 851
1500 1338 1543 1361 ea
1576 1337 1670 1370 quae
1704 1336 1806 1370 prae-

106 1388 164 1420 ter
188 1386 411 1420 Bel-nensem
445 1390 510 1421 167
550 1388 587 1420 et
618 1382 870 1419 Cassellanum
902 1378 1136 1414 Monacensis
1176 1378 1290 1413 habet
1328 1378 1455 1414 Servio
1493 1379 1655 1413 tribuere
1690 1378 1806 1423 potui.

107 1439 327 1475 Thomasius
353 1439 414 1484 qui
445 1452 479 1484 p.
511 1444 550 1474 11
578 1451 654 1484 sqq.
689 1436 900 1472 italicorum
934 1431 1075 1468 saeculi
1106 1431 1183 1467 XV.
1218 1431 1394 1466 librorum
1429 1431 1690 1467 additamenta
1722 1430 1805 1465 dili-

107 1492 319 1536 gentissime
347 1492 500 1538 collegit
527 1504 570 1527 ex
589 1491 647 1526 his
668 1501 788 1536 pauca
809 1488 994 1533 quaedam
1018 1485 1057 1519 in
1076 1484 1281 1520 Danielinis
1303 1485 1492 1520 codicibus
1513 1484 1673 1520 inveniri
1692 1483 1804 1526 vidit;

107 1545 204 1579 unde
231 1546 278 1579 ad
305 1545 472 1580 Servium
499 1556 542 1580 ea
567 1544 760 1580 referenda
793 1552 872 1577 esse
901 1538 1059 1574 coniecit
1085 1538 1143 1581 (cf.
1170 1551 1205 1582 p.
1234 1540 1303 1582 33).
1350 1539 1414 1573 sed
1439 1539 1528 1572 Aen.
1557 1538 1572 1571 I
1598 1542 1665 1572 417
1694 1538 1806 1572 verba

110 1609 204 1643 quae
238 1600 323 1633 sunt
354 1600 449 1643 quod
480 1603 599 1634 autem
627 1627 632 1633 .
662 1625 668 1631 .
698 1625 705 1631 .
732 1597 881 1631 vestitur
913 1594 953 1627 in
990 1591 1160 1626 omnibus
1193 1591 1355 1635 vulgatis
1388 1590 1492 1626 libris
1530 1591 1715 1636 leguntur.
1760 1591 1805 1624 ad

108 1653 198 1686 Aen.
225 1653 241 1686 Ι
268 1656 332 1686 731
359 1651 492 1687 Graeci
518 1679 525 1686 .
553 1681 560 1687 .
590 1681 596 1687 .
624 1650 812 1695 appellant
838 1645 951 1681 verba
977 1657 1059 1678 cum
1091 1655 1163 1679 non
1190 1644 1426 1679 inveniantur
1451 1645 1488 1678 in
1521 1644 1686 1679 Parisino
1716 1647 1806 1678 1750

108 1715 130 1738 a
155 1702 310 1738 Daniele
337 1706 460 1739 autem
486 1704 525 1738 in
554 1704 634 1749 ipso
661 1702 836 1738 contextu
863 1699 964 1733 edita
990 1697 1083 1739 sint,
1111 1708 1129 1730 e
1156 1696 1377 1732 Fabriciano
1406 1697 1609 1742 exemplari
1631 1697 1803 1732 videntur

108 1756 227 1801 petita
253 1768 340 1792 esse.
386 1758 433 1791 ad
458 1757 547 1794 Aen.
576 1758 609 1791 II
636 1761 653 1790 7
684 1756 785 1790 Iovis
811 1758 842 1788 et
869 1752 1031 1796 Aeginae
1056 1751 1156 1793 filius
1183 1761 1277 1794 quae
1304 1750 1423 1784 italici
1449 1750 1534 1784 libri
1561 1761 1643 1784 cum
1670 1748 1806 1784 Danie-

109 1808 194 1843 linis
221 1809 429 1844 communia
454 1810 595 1845 liabent
619 1808 729 1843 facile
755 1806 958 1852 potuerunt
984 1802 1160 1837 Serviano
1188 1802 1328 1838 scholio
1350 1802 1511 1837 adscribi
1539 1803 1598 1847 (cf.
1621 1802 1806 1847 mythogr.

109 1861 142 1895 II
169 1864 268 1906 204),
296 1874 378 1896 cum
405 1859 818 1907 praesertim'dubitari
849 1856 967 1902 possit
997 1867 1044 1890 an
1073 1855 1184 1889 ‘Iovis
1216 1855 1347 1890 filium’
1383 1856 1546 1890 Aeacum
1578 1855 1691 1889 fuisse
1726 1855 1807 1889 Ser-

108 1914 188 1949 vius
215 1914 294 1959 ipse
322 1915 458 1950 dixerit
483 1916 540 1960 (cf.
569 1916 693 1950 adnot.
722 1911 827 1956 crit).
873 1911 962 1944 Aen.
989 1908 1023 1942 II
1050 1913 1116 1943 632
1144 1910 1239 1953 quod
1261 1905 1476 1953 Ἀφρόδιτον
1497 1912 1646 1943 vocatur
1667 1919 1709 1942 ex
1730 1908 1807 1941 Ma-

109 1966 226 2002 crobii
252 1968 508 2004 Saturnalibus
534 1969 585 2002 Ill
611 1974 648 2011 8,
678 1972 694 2002 1
723 1965 912 2010 adscripta
938 1964 1032 1996 sunt.
1080 1962 1127 1996 ad
1152 1963 1240 1996 Aen.
1269 1962 1302 1995 Il
1330 1966 1396 1997 749
1424 1964 1462 1997 et
1488 1967 1553 1998 761
1581 1973 1652 1996 non
1682 1972 1725 1996 ea
1751 1962 1805 1994 est

108 2021 205 2055 inter
229 2020 358 2056 italica
384 2024 421 2057 et
447 2022 660 2057 Cassellana
685 2018 940 2055 additamenta
961 2014 1182 2058 similitudo,
1213 2016 1255 2049 ut
1289 2016 1375 2059 apte
1400 2016 1498 2050 inter
1525 2027 1561 2049 se
1589 2024 1803 2059 comparen-

109 2076 175 2108 tur.
224 2074 270 2108 ad
298 2076 386 2109 Aen.
415 2076 431 2109 I
458 2080 522 2110 651
558 2071 764 2120 Hymenaei
797 2070 961 2105 fabulam
993 2066 1151 2102 Parisini
1178 2070 1268 2101 7965
1302 2067 1361 2112 (cf.
1390 2067 1550 2102 Thomas
1584 2080 1618 2112 p.
1646 2069 1704 2110 27)
1731 2078 1808 2101 cor-

113 2127 236 2161 rector
261 2125 299 2160 in
323 2128 491 2173 margine
518 2126 731 2172 adscripsit;
753 2125 815 2169 qui
843 2134 926 2157 cum
951 2118 1216 2165 mythographi
1242 2119 1336 2154 libro
1364 2121 1393 2164 (I
1415 2125 1457 2156 75
1477 2121 1537 2156 vel
1563 2122 1595 2154 II
1622 2123 1704 2163 219)
1725 2132 1810 2154 usus

111 2190 190 2213 esse
222 2179 357 2224 possit,
389 2192 464 2215 non
497 2182 553 2216 est
578 2180 678 2225 quod
703 2176 977 2213 Floriacensem
1005 2173 1066 2216 (ad
1100 2174 1191 2208 Aen.
1218 2173 1267 2207 IV
1296 2175 1353 2217 95)
1386 2174 1420 2208 ei
1446 2175 1492 2208 ad
1519 2185 1670 2208 manum
1696 2173 1808 2207 fuisse

110 2232 288 2267 dicamus.
333 2236 461 2268 contra
487 2234 550 2279 qui
576 2232 705 2268 italica
730 2231 778 2265 ad
802 2230 893 2264 Aen.
920 2227 953 2261 II
980 2230 1047 2261 528
1075 2227 1113 2259 et
1138 2229 1205 2260 553
1234 2226 1375 2261 scholia
1402 2226 1551 2271 scripsit
1582 2226 1616 2261 ei
1650 2228 1691 2260 ut
1726 2225 1810 2259 Ser-

110 2285 221 2321 viana
246 2285 299 2321 ita
326 2286 541 2322 Cassellana
566 2287 611 2321 de
637 2286 695 2320 his
721 2283 815 2320 locis
843 2284 880 2317 et
904 2293 937 2316 v.
959 2283 1026 2314 558
1048 2281 1258 2313 commenta
1279 2280 1428 2325 cognita
1450 2282 1564 2315 erant.
1611 2280 1654 2315 cf.
1683 2280 1808 2314 adnot.

112 2338 190 2375 crit.
218 2340 264 2374 ad
291 2341 380 2374 Aen.
408 2340 458 2374 IV
485 2345 563 2376 572.
607 2339 755 2383 reliqua
782 2346 875 2381 quae
896 2330 1117 2368 Thomasius
1143 2330 1181 2364 in
1215 2330 1352 2367 italicis
1379 2334 1417 2367 et
1441 2332 1648 2367 Danielinis
1676 2332 1812 2367 codici-

110 2393 180 2426 bus
206 2392 342 2427 similia
368 2404 446 2428 esse
472 2393 617 2428 invenit
642 2393 689 2427 ad
721 2392 811 2425 Aen.
838 2388 873 2422 II
906 2390 972 2421 501
1001 2388 1065 2419 aut
1090 2395 1202 2419 novas
1229 2412 1235 2419 .
1259 2414 1264 2419 .
1288 2413 1294 2420 .
1323 2387 1528 2429 adfinitatis
1554 2388 1591 2421 et
1617 2389 1666 2421 est
1693 2390 1811 2420 autem

143 2474 149 2480 .
173 2473 179 2479 .
206 2447 387 2490 repetitio,
417 2451 484 2481 624
509 2448 561 2482 vel
589 2447 679 2480 ‘tum
706 2443 800 2479 veo-0⁷
832 2470 838 2476 .
860 2469 867 2476 .
891 2467 898 2474 .
925 2439 1136 2480 saevientes,
1164 2441 1229 2471 641
1252 2449 1381 2483 corpus
1401 2443 1586 2482 nostrum,
1615 2443 1681 2474 645
1709 2443 1761 2473 et.
1780 2466 1786 2472 .
1804 2466 1811 2473 .

112 2500 227 2542 renti,
269 2504 335 2535 649
374 2510 460 2534 sane
505 2500 628 2544 afflati
655 2527 661 2533 .
685 2527 691 2533 .
715 2526 721 2531 .
748 2496 943 2536 Romulus,
977 2495 1043 2526 728
1078 2497 1183 2522 NVNC
1214 2519 1250 2526 ..
1272 2520 1279 2527 .
1307 2495 1474 2535 metuere,
1511 2497 1577 2527 733
1614 2504 1688 2527 ‘noaz
1719 2492 1814 2526 nulli

208 2552 284 2595 secl,
313 2556 379 2587 768
418 2559 545 2584 Ar'svs
590 2552 677 2596 quia
711 2551 806 2584 inter
842 2549 972 2587 hostes,
1007 2543 1057 2578 VI
1090 2548 1130 2578 17
1166 2555 1266 2579 22sz
1300 2557 1323 2579 a
1358 2547 1502 2580 civitate
1645 2545 1814 2579 Euboeae

112 2605 204 2639 haec
230 2604 346 2650 igitur
372 2604 467 2639 nihil
491 2606 631 2640 habent
657 2603 757 2648 quod
777 2614 799 2637 a
819 2600 937 2636 Servii
958 2596 1226 2632 consuetudine
1249 2597 1411 2633 alienum
1432 2598 1489 2633 sit.
1535 2609 1667 2633 moneo
1688 2600 1813 2633 tamen

114 2659 238 2693 extare
268 2657 425 2703 Vergilii
450 2657 565 2693 libros
592 2668 748 2702 quorum
775 2654 813 2688 in
832 2651 1017 2697 margines
1042 2661 1117 2685 non
1135 2649 1240 2685 nulla
1265 2651 1473 2695 pleniorum
1499 2651 1677 2686 librorum
1705 2650 1810 2685 scho-

113 2711 164 2745 lia
201 2709 427 2755 transcripta
464 2709 539 2745 sint
585 2712 622 2744 et
657 2709 735 2743 eius
774 2706 874 2741 modi
911 2705 1048 2739 librum
1080 2702 1189 2737 facile
1232 2704 1395 2747 potuisse
1434 2705 1480 2738 ad
1513 2704 1627 2738 Italos
1666 2702 1812 2737 adferri.

114 2774 233 2808 neque
259 2762 391 2798 omitto
418 2775 530 2807 quam
556 2762 691 2797 mirum
719 2761 768 2796 sit
799 2759 897 2804 quod
925 2757 1187 2792 similitudines
1221 2758 1307 2792 illae
1340 2759 1416 2792 fere
1455 2768 1580 2792 omnes
1617 2757 1663 2791 ad
1696 2758 1813 2790 extre-

114 2827 213 2850 mam
241 2816 392 2851 secundi
417 2816 600 2851 Aeneidos
626 2815 713 2849 libri
740 2815 884 2858 partem
911 2810 1110 2856 pertinent.
1157 2822 1251 2855 quae
1279 2811 1325 2844 ad
1350 2810 1439 2845 Aen.
1461 2811 1581 2844 11801
1609 2809 1647 2843 111
1674 2808 1814 2843 Cassel-

117 2869 202 2904 lano
236 2871 274 2903 et
304 2869 502 2903 Dresdensi
540 2869 719 2904 adnotata
755 2866 872 2900 habes
912 2865 976 2898 hoc
1008 2867 1056 2899 est
1089 2867 1206 2898 autem
1234 2891 1240 2897 .
1264 2892 1298 2898 ..
1327 2864 1474 2908 «quovit
1506 2874 1523 2896 e
1557 2860 1733 2896 Serviano
1767 2861 1813 2894 ad

115 2923 205 2957 Aen.
232 2923 249 2956 Ι
276 2925 342 2957 382
370 2922 512 2957 30110110
538 2921 658 2967 petita
690 2922 786 2955 sunt.
832 2918 879 2953 ad
911 2917 1000 2951 Aen.
1028 2915 1115 2950 VIII
1142 2920 1210 2951 300
1237 2916 1300 2960 qui
1321 2919 1469 2960 praeter
1494 2915 1579 2948 haec
1604 2924 1694 2957 quae
1719 2913 1813 2946 Her-

117 2976 229 3010 culem
275 2986 304 3010 e.
335 2987 368 3019 q.
403 2987 430 3010 3.
462 2974 679 3020 adscripsit,
713 2983 868 3018 quorum
910 2981 997 3015 pars
1034 2969 1072 3003 in
1114 2968 1251 3004 italicis
1290 2968 1393 3002 libris
1430 2966 1634 3009 invenitur,
1671 2964 1813 3009 mytho-

116 3028 249 3074 graphi
287 3028 443 3063 alicuius
475 3028 570 3063 libro
603 3027 748 3062 videtur
785 3036 872 3060 usus
905 3034 1003 3057 esse:
1049 3021 1216 3056 Servium
1252 3021 1350 3054 euim
1389 3030 1462 3063 qua
1494 3030 1531 3052 re
1564 3020 1703 3053 motum
1737 3029 1814 3052 esse

117 3084 242 3126 putas,
269 3083 309 3116 ut
335 3092 428 3126 quae
455 3081 539 3116 aliis
564 3080 656 3116 locis
689 3080 734 3113 de
762 3076 917 3122 singulis
944 3074 1118 3110 Herculis
1151 3073 1340 3108 laboribus
1375 3072 1517 3106 dixerat
1550 3070 1617 3104 hoc
1651 3082 1814 3115 compre-

117 3135 316 3170 henderet?
344 3135 402 3180 (cf.
430 3134 591 3169 Thomas
616 3146 651 3179 p.
684 3133 776 3176 106).
1618 3136 1621 3139 ·

187 3191 287 3226 Servii
307 3207 411 3225 comm.
432 3199 499 3225 Vol.
520 3200 543 3225 1.
576 3200 662 3225 Fase.
682 3199 721 3225 ΙΙ.
1508 3183 1531 3216 d
