2204 3437
383 168 444 204 LX
1083 166 1366 202 PRAEFATIO.

382 279 453 331 qui
486 281 660 319 vocatur
693 277 1026 319 commentarius
1059 276 1298 330 adscriptus
1332 278 1418 330 est,
1459 275 1510 316 ad
1542 275 1726 330 primum
1765 278 1807 316 et
1839 274 2068 317 secundum

382 349 584 390 Aeneidis
619 349 774 390 librum
806 348 914 389 nihil
947 350 1012 389 est
1044 347 1318 401 adnotatum,
1350 346 1467 388 tertii
1494 348 1536 386 et
1562 359 1708 386 eorum
1734 347 1806 400 qui
1838 349 2072 401 sequuntur

382 420 589 461 librorum
622 420 835 474 margines
868 419 903 459 is
937 417 1266 459 commentarius
1299 416 1542 471 occupavit,
1574 431 1698 470 quem
1724 415 1877 457 Daniel
1908 418 2072 471 primus

383 490 526 531 edidit.
577 491 621 531 in
653 489 882 543 exemplari
916 503 965 529 ex
1004 503 1086 542 quo
1126 488 1195 528 hic
1232 488 1341 529 liber
1384 487 1618 541 exscriptus
1658 489 1723 528 est
1762 486 1945 542 Vergilii
1986 501 2073 528 car-

380 562 496 602 mina
529 564 570 601 et
604 561 767 602 scholia
800 559 948 601 eodem
981 559 1126 600 ordine
1152 558 1348 599 videntur
1375 558 1584 612 disposita
1609 557 1752 599 fuisse.
1794 557 1924 612 quid?
1959 557 2072 612 quod

383 631 545 672 scholia
591 631 737 672 eadem
780 630 825 671 ni
868 630 997 671 fallor
1040 629 1206 670 ratione
1251 643 1326 683 per
1369 628 1585 682 margines
1630 627 1860 669 distributa
1891 628 2074 669 fuerunt.

383 702 551 755 saepius
585 702 720 751 enim,
753 701 797 741 in
829 701 956 742 tertio
978 700 1162 741 maxime
1183 703 1226 740 et
1252 701 1404 753 quarto
1427 699 1557 753 libro,
1590 713 1845 753 quamquam
1866 699 1911 739 in
1938 699 2073 740 altero

382 772 574 825 margine
608 771 713 813 satis
747 771 873 824 spatii
907 770 960 811 ad
1000 770 1269 811 scribendum
1306 769 1503 810 relictum
1543 772 1674 823 esset,
1713 769 1894 810 alterum
1931 771 2071 810 totum

381 842 606 895 impletum
639 843 889 895 litterasque
924 844 1130 894 quantum
1162 840 1255 881 fieri
1274 842 1444 893 poterat
1472 842 1514 880 et
1535 839 1722 881 minutas
1756 842 1798 880 et
1829 842 2071 881 contractas

380 928 470 954 esse
502 913 706 955 videmus.
763 912 946 967 Vergilii
968 912 1095 953 verba
1116 914 1157 953 et
1177 911 1340 952 scholia
1360 911 1414 952 ab
1436 911 1605 966 eodem,
1636 914 1683 952 ut
1703 911 1885 962 videtur,
1913 911 2072 965 scripta

382 986 493 1024 sunt.
541 985 688 1038 paucis
721 986 890 1024 tantum
924 983 1030 1024 locis
1063 982 1148 1023 alia
1181 996 1348 1036 manus,
1387 981 1530 1036 priore
1562 996 1650 1022 non
1681 981 1817 1022 multo
1850 981 2074 1036 recentior,

378 1055 676 1097 adnotationes
710 1070 889 1109 quarum
922 1054 1075 1107 exigua
1108 1053 1172 1094 vel
1205 1053 1323 1093 nulla
1355 1052 1520 1094 utilitas
1561 1056 1643 1107 est,
1682 1052 1847 1093 adiecit.
1911 1066 2070 1094 correc-

378 1129 499 1166 turae
531 1141 690 1180 paucae
724 1126 997 1167 inveniuntur
1036 1138 1192 1178 eaeque
1231 1139 1255 1165 a
1291 1123 1431 1178 prima
1467 1124 1716 1178 plerumque
1755 1138 1884 1164 manu
1920 1123 2071 1164 factae.

378 1197 629 1238 lemmatum
674 1197 799 1237 initia
849 1194 1163 1249 grandiusculis
1214 1194 1370 1235 litteris
1417 1194 1604 1235 indicata
1648 1196 1757 1235 sunt.
1819 1194 2072 1235 monasterii

380 1265 525 1308 Sancti
559 1267 781 1308 Benedicti
814 1266 1102 1307 Floriacensis
1130 1265 1287 1306 librum
1315 1265 1419 1305 olim
1451 1264 1581 1305 fuisse
1614 1265 1777 1306 duobus
1810 1265 2003 1306 versibus
2030 1264 2073 1304 in

378 1338 469 1378 folii
507 1336 560 1378 2¹³
605 1339 800 1393 margine
845 1337 1045 1378 inferiore
1092 1336 1284 1390 scriptis,
1329 1350 1433 1390 quos
1478 1335 1711 1377 Muellerus
1756 1336 1866 1378 anal.
1903 1336 1929 1376 l.
1967 1336 1992 1376 l.
2032 1337 2074 1376 et

376 1407 582 1462 Hagenus
616 1409 661 1449 in
694 1409 891 1462 catalogo
919 1407 1141 1448 ediderunt
1168 1410 1210 1447 et
1230 1406 1422 1447 Danielis
1456 1406 1705 1447 testimonio
1733 1408 1921 1460 constat,
1953 1405 2072 1446 cuius

378 1480 422 1519 in
469 1479 776 1521 bibliothecam
821 1478 948 1519 multi
993 1477 1287 1518 Floriacenses
1333 1476 1498 1518 codices
1545 1479 1762 1518 venerunt.
1826 1476 1876 1518 cf.
1919 1475 2072 1530 Hagen

377 1550 499 1590 catal.
532 1550 664 1603 praef.
697 1565 736 1603 p.
769 1548 842 1589 XI.
893 1548 1086 1589 Danielis
1119 1548 1237 1587 iussu
1269 1548 1317 1587 ut
1348 1546 1515 1587 videtur
1543 1548 1672 1590 codex
1699 1549 1743 1588 in
1781 1547 1884 1588 duas
1927 1551 2070 1601 partes

378 1621 607 1661 distractus
642 1623 716 1660 est.
768 1620 966 1673 alteram,
1005 1619 1048 1659 in
1084 1619 1166 1659 152
1198 1615 1360 1673 foliis1)
1401 1618 1594 1660 bucolica
1631 1619 1832 1673 georgica
1870 1617 2073 1659 Aeneidis

377 1692 509 1732 libros
549 1691 732 1745 quinque
772 1691 936 1744 priores
976 1689 1350 1743 complectentem,
1389 1702 1495 1742 quae
1534 1703 1647 1730 nunc
1685 1689 1729 1729 in
1762 1687 1969 1729 Beruensi
2011 1688 2073 1728 bi-

378 1762 595 1803 bliotheca
627 1761 876 1802 adservatur
911 1762 952 1801 et
983 1774 1207 1800 numerum
1245 1759 1325 1799 172
1358 1758 1506 1812 habet,
1538 1759 1629 1812 ipse
1662 1759 1855 1813 retinuit,
1889 1759 2070 1800 alteram

377 1833 559 1874 sedecim
602 1832 832 1873 habentem
874 1831 1198 1885 quaterniones,
1246 1829 1291 1869 in
1332 1830 1485 1883 quibus
1527 1830 1679 1885 reliqui
1722 1829 1922 1871 Aeneidis
1970 1828 2071 1868 libri

383 1903 530 1957 scripti
551 1906 662 1957 sunt,
694 1902 820 1944 Petro
842 1902 1021 1943 Pithoeo
1049 1898 1221 1955 misit.‘“’)
1271 1902 1420 1953 postea
1452 1899 1556 1941 haec
1582 1900 1739 1941 codicis
1764 1914 1862 1954 pars
1900 1900 1945 1940 in
1978 1897 2074 1940 Col-

378 1974 601 2027 bertinani,
637 1977 728 2014 tum
766 1973 810 2013 in
848 1972 1012 2027 regiam
1053 1971 1357 2013 bibliothecam
1396 1971 1532 2012 inlata
1576 1974 1619 2012 et
1655 1985 1831 2012 numero
1866 1968 1977 2010 7929
2010 1969 2070 2008 in-

378 2045 539 2099 signita
560 2047 643 2098 est,
675 2058 799 2098 quem
827 2044 955 2084 etiam
975 2057 1087 2083 nunc
1107 2042 1250 2083 habet.
1299 2041 1343 2081 in
1364 2041 1594 2083 Bernensis
1615 2042 1753 2096 primo
1775 2041 1880 2082 folio
1900 2038 2070 2093 Daniel,

378 2115 529 2155 Petrus
562 2115 765 2156 Pithoeus
799 2114 843 2154 in
876 2113 1014 2167 primo
1049 2115 1090 2153 et
1117 2114 1307 2152 extremo
1329 2110 1516 2152 Parisini
1544 2110 1607 2167 (in
1627 2111 1820 2166 margine
1846 2108 2069 2164 inferiore)

375 2200 530 2227 nomen
562 2200 684 2226 suum
726 2181 952 2238 scripsit.3)
1009 2181 1239 2223 Ber-nensis
1279 2181 1435 2222 codicis
1475 2181 1619 2223 decem
1660 2180 1959 2235 quaterniones
1998 2180 2070 2233 qui

383 2257 434 2296 ad
455 2256 688 2297 Aeneidem
720 2255 937 2309 pertinent
957 2253 1172 2307 prioribus
1194 2251 1337 2293 decem
1357 2251 1606 2294 Latinarum
1627 2253 1870 2294 litterarum
1892 2249 2069 2306 (AuK)

378 2328 517 2368 notati
563 2331 678 2380 sunt,
722 2326 800 2367 hos
846 2324 1065 2378 excipiunt
1109 2322 1295 2364 Parisini
1338 2323 1541 2364 tredecim
1586 2323 1887 2378 quaterniones
1931 2320 2067 2362 L—Z

379 2398 536 2438 litteris
571 2397 748 2451 signati,
781 2395 933 2450 reliqui
966 2398 1052 2436 tres
1079 2408 1165 2435 non
1198 2396 1297 2434 sunt
1328 2394 1558 2435 numerati.
1609 2395 1724 2435 illius
1750 2394 1833 2434 tria
1864 2392 1969 2433 folia
2001 2406 2070 2432 ex-

379 2472 517 2509 trema
549 2483 695 2509 umore
729 2469 929 2520 corrupta
962 2468 1083 2519 sunt,
1116 2458 1164 2506 iit
1197 2465 1241 2505 in
1273 2465 1441 2519 paginis
1463 2465 1591 2506 rectis
1619 2480 1667 2506 ea
1693 2479 1802 2519 quae
1828 2464 1872 2504 in
1897 2462 2071 2515 dextris,

473 2642 507 2683 1>
546 2638 842 2673 membranarum
886 2646 1077 2670 numerum
1116 2634 1315 2668 secundum
1351 2634 1547 2679 Hagenum
1584 2632 1685 2676 dedi,
1724 2632 1788 2666 sed
1826 2631 1869 2666 cf.
1909 2630 2068 2665 Thomas

383 2692 565 2736 supplem.
592 2703 626 2735 p.
655 2690 786 2723 XVIII.
833 2691 994 2723 ceterum
1027 2688 1184 2721 fort-asse
1219 2687 1331 2721 codex
1364 2687 1452 2721 olim
1483 2687 1558 2722 alia
1583 2685 1725 2724 ratione
1757 2685 1795 2719 in
1821 2685 1912 2719 duas
1944 2685 2068 2728 partes

379 2745 518 2779 divisus
547 2745 625 2778 erat
651 2743 695 2776 cf.
724 2742 885 2776 Thomas
912 2740 934 2775 1.
963 2741 984 2774 l.
1012 2752 1045 2783 p.
1074 2739 1106 2771 ll
1134 2739 1215 2773 adn.
1246 2744 1274 2772 1.
1386 2742 1420 2785 2)
1449 2741 1491 2775 cf.
1513 2740 1643 2774 Daniel
1671 2738 1783 2783 praef.
1813 2736 2066 2772 ‘Floriacensi⁷

379 2798 469 2840 (scil.
498 2810 584 2831 usus
611 2799 667 2831 est¹
699 2795 729 2829 is
757 2795 818 2839 qui
851 2794 1016 2828 Servium
1044 2793 1225 2826 edendum
1252 2793 1411 2836 curavit,
1438 2793 1460 2828 i.
1489 2804 1518 2828 e.
1547 2792 1693 2835 Daniel)
1723 2791 1775 2825 ‘in
1801 2790 1942 2835 aliquot
1967 2790 2069 2823 locos

378 2850 583 2894 Georgicon
611 2851 647 2884 et
680 2847 880 2888 Aeneidos,
914 2846 944 2879 si
975 2846 1068 2880 bene
1100 2845 1285 2889 meminit,
1318 2846 1405 2889 quia
1436 2846 1466 2879 is
1500 2845 1731 2879 desideratur
1765 2845 1802 2877 et
1834 2843 1989 2877 fortasse
2021 2852 2069 2875 an

381 2902 525 2946 uspiam
552 2902 735 2946 sepositus
763 2901 808 2934 ab
835 2897 971 2940 amico,
999 2898 1036 2931 in
1063 2896 1164 2930 cuius
1191 2909 1340 2932 manum
1367 2897 1557 2941 depositus
1585 2897 1731 2931 fuerat&
1848 2897 1882 2938 3)
1909 2894 2068 2928 Thoma-

379 2956 452 2990 sius
479 2955 517 2989 in
542 2953 699 2988 l'arisini
727 2953 846 2998 primo
872 2951 963 2985 folio
990 2951 1056 2984 snb
1089 2961 1131 2984 eo
1157 2950 1256 2992 loco,
1289 2950 1325 2984 in
1360 2962 1432 2994 quo
1459 2949 1607 2984 Pithoci
1632 2960 1765 2983 nomen
1798 2947 1974 2991 seriptum
2001 2947 2069 2989 est,

379 3020 542 3042 rasuram
570 3018 650 3041 esse
677 3006 786 3041 vidit:
814 3006 972 3039 fortasse
1000 3002 1165 3038 Danielis
1192 3014 1324 3037 nomen
1350 3001 1402 3036 ibi
1430 3003 1518 3037 olim
1544 3002 1630 3036 fuit:
1664 3001 1694 3034 is
1722 3001 1818 3036 enim
1853 2999 1890 3032 in
1916 2998 2067 3033 scholiis

382 3060 469 3103 ipsis
497 3071 568 3094 non
596 3059 698 3094 nulla
725 3058 883 3094 correxit
909 3057 945 3090 et
971 3055 1177 3100 adscripsit.
1222 3055 1260 3088 in
1286 3054 1462 3089 Berncnsi
1494 3055 1711 3099 scriptorum
1744 3053 1781 3086 in
1814 3051 1963 3086 scholiis
1989 3051 2068 3086 lau—

382 3114 550 3146 datorum
581 3112 728 3146 nomina
753 3112 789 3145 in
816 3110 988 3146 inferiore
1014 3108 1179 3153 margine
1207 3107 1366 3143 iteravit,
