<?xml version="1.0" encoding="UTF-8"?>
<!DOCTYPE html PUBLIC "-//W3C//DTD XHTML 1.0 Transitional//EN"
    "http://www.w3.org/TR/xhtml1/DTD/xhtml1-transitional.dtd">
<html xmlns="http://www.w3.org/1999/xhtml" xml:lang="en" lang="en">
 <head>
  <title>
</title>
<meta http-equiv="Content-Type" content="text/html;charset=utf-8" />
  <meta name='ocr-system' content='tesseract 3.04.00' />
  <meta name='ocr-capabilities' content='ocr_page ocr_carea ocr_par ocr_line ocrx_word'/>
</head>
<body>
  <div class='ocr_page' id='page_1' title='image "./invergiliicarmin01servuoft_0027.png"; bbox 0 0 2132 3354; ppageno 0'>
   <div class='ocr_carea' id='block_1_1' title="bbox 856 80 1844 118">
    <p class='ocr_par' dir='ltr' id='par_1_1' title="bbox 856 80 1844 118">
     <span class='ocr_line' id='line_1_1' title="bbox 856 80 1844 118; baseline 0.004 -4"><span class='ocrx_word' id='word_1_1' title='bbox 856 80 1139 115; x_wconf 82' lang='lat' dir='ltr'><strong>PRAEFATIO.</strong></span> <span class='ocrx_word' id='word_1_2' title='bbox 1760 84 1844 118; x_wconf 84' lang='lat' dir='ltr'>XXI</span> 
     </span>
    </p>
   </div>
   <div class='ocr_carea' id='block_1_2' title="bbox 126 188 1845 2796">
    <p class='ocr_par' dir='ltr' id='par_1_2' title="bbox 131 188 1845 2155">
     <span class='ocr_line' id='line_1_2' title="bbox 151 188 1843 245; baseline 0 -13"><span class='ocrx_word' id='word_1_3' title='bbox 151 205 279 232; x_wconf 87' lang='lat' dir='ltr'>carm.</span> <span class='ocrx_word' id='word_1_4' title='bbox 311 190 438 245; x_wconf 88' lang='lat' dir='ltr'>Verg.</span> <span class='ocrx_word' id='word_1_5' title='bbox 473 190 633 231; x_wconf 90' lang='lat' dir='ltr'>editore</span> <span class='ocrx_word' id='word_1_6' title='bbox 665 205 704 244; x_wconf 89' lang='lat' dir='ltr'>p.</span> <span class='ocrx_word' id='word_1_7' title='bbox 737 188 781 243; x_wconf 99' lang='grc'>9)</span> <span class='ocrx_word' id='word_1_8' title='bbox 815 189 1079 242; x_wconf 88' lang='lat' dir='ltr'>observavit,</span> <span class='ocrx_word' id='word_1_9' title='bbox 1118 203 1376 242; x_wconf 85' lang='lat' dir='ltr'>quamquam</span> <span class='ocrx_word' id='word_1_10' title='bbox 1413 189 1542 230; x_wconf 87' lang='lat' dir='ltr'>latius</span> <span class='ocrx_word' id='word_1_11' title='bbox 1582 192 1728 244; x_wconf 88' lang='lat' dir='ltr'>patere</span> <span class='ocrx_word' id='word_1_12' title='bbox 1760 189 1843 232; x_wconf 81' lang='lat' dir='ltr'>Do·</span> 
     </span>
     <span class='ocr_line' id='line_1_3' title="bbox 149 258 1843 315; baseline 0.001 -13"><span class='ocrx_word' id='word_1_13' title='bbox 149 262 240 302; x_wconf 87' lang='lat' dir='ltr'>nati</span> <span class='ocrx_word' id='word_1_14' title='bbox 278 262 408 302; x_wconf 86' lang='lat' dir='ltr'>verba</span> <span class='ocrx_word' id='word_1_15' title='bbox 447 262 665 315; x_wconf 90' lang='lat' dir='ltr'>opinatus,</span> <span class='ocrx_word' id='word_1_16' title='bbox 712 262 760 301; x_wconf 88' lang='lat' dir='ltr'>ut</span> <span class='ocrx_word' id='word_1_17' title='bbox 793 260 957 301; x_wconf 87' lang='lat' dir='ltr'>Probus</span> <span class='ocrx_word' id='word_1_18' title='bbox 997 259 1169 300; x_wconf 90' lang='lat' dir='ltr'>omnino</span> <span class='ocrx_word' id='word_1_19' title='bbox 1213 259 1257 299; x_wconf 89' lang='lat' dir='ltr'>in</span> <span class='ocrx_word' id='word_1_20' title='bbox 1289 258 1405 309; x_wconf 77' lang='grc' dir='ltr'><em>λέξιν</em></span> <span class='ocrx_word' id='word_1_21' title='bbox 1437 259 1621 314; x_wconf 77' lang='lat' dir='ltr'>Vergilii</span> <span class='ocrx_word' id='word_1_22' title='bbox 1670 262 1843 315; x_wconf 86' lang='lat' dir='ltr'>inquisi-</span> 
     </span>
     <span class='ocr_line' id='line_1_4' title="bbox 150 330 1843 385; baseline 0 -12"><span class='ocrx_word' id='word_1_23' title='bbox 150 332 262 373; x_wconf 83' lang='lat' dir='ltr'>visse</span> <span class='ocrx_word' id='word_1_24' title='bbox 302 332 531 385; x_wconf 72' lang='lat' dir='ltr'>diceretur,</span> <span class='ocrx_word' id='word_1_25' title='bbox 577 332 717 372; x_wconf 83' lang='lat' dir='ltr'>aliena</span> <span class='ocrx_word' id='word_1_26' title='bbox 755 330 808 372; x_wconf 89' lang='lat' dir='ltr'>ad</span> <span class='ocrx_word' id='word_1_27' title='bbox 841 330 930 371; x_wconf 89' lang='lat' dir='ltr'>eius</span> <span class='ocrx_word' id='word_1_28' title='bbox 965 330 1264 371; x_wconf 82' lang='lat' dir='ltr'>auctoritatem</span> <span class='ocrx_word' id='word_1_29' title='bbox 1296 330 1531 384; x_wconf 85' lang='lat' dir='ltr'>revocavit,</span> <span class='ocrx_word' id='word_1_30' title='bbox 1576 331 1705 371; x_wconf 87' lang='lat' dir='ltr'>veluti</span> <span class='ocrx_word' id='word_1_31' title='bbox 1738 331 1843 373; x_wconf 90' lang='lat' dir='ltr'>Aen.</span> 
     </span>
     <span class='ocr_line' id='line_1_5' title="bbox 149 400 1841 457; baseline -0.001 -14"><span class='ocrx_word' id='word_1_32' title='bbox 149 403 331 457; x_wconf 82' lang='grc'>111339,</span> <span class='ocrx_word' id='word_1_33' title='bbox 363 402 461 456; x_wconf 88' lang='grc'>455,</span> <span class='ocrx_word' id='word_1_34' title='bbox 495 403 591 443; x_wconf 81' lang='grc'>670.</span> <span class='ocrx_word' id='word_1_35' title='bbox 624 401 685 443; x_wconf 89' lang='lat' dir='ltr'>VI</span> <span class='ocrx_word' id='word_1_36' title='bbox 706 401 802 443; x_wconf 85' lang='lat'>286.</span> <span class='ocrx_word' id='word_1_37' title='bbox 848 401 917 442; x_wconf 90' lang='lat' dir='ltr'>sed</span> <span class='ocrx_word' id='word_1_38' title='bbox 953 415 1059 456; x_wconf 86' lang='lat' dir='ltr'>quae</span> <span class='ocrx_word' id='word_1_39' title='bbox 1093 400 1146 441; x_wconf 86' lang='lat' dir='ltr'>ad</span> <span class='ocrx_word' id='word_1_40' title='bbox 1178 400 1283 442; x_wconf 90' lang='lat' dir='ltr'>Aen.</span> <span class='ocrx_word' id='word_1_41' title='bbox 1315 400 1334 441; x_wconf 90' lang='lat' dir='ltr'>I</span> <span class='ocrx_word' id='word_1_42' title='bbox 1367 401 1422 442; x_wconf 91' lang='lat'>25</span> <span class='ocrx_word' id='word_1_43' title='bbox 1457 400 1656 442; x_wconf 71' lang='lat' dir='ltr'>‘necdum</span> <span class='ocrx_word' id='word_1_44' title='bbox 1690 402 1841 443; x_wconf 85' lang='lat' dir='ltr'>etiam’</span> 
     </span>
     <span class='ocr_line' id='line_1_6' title="bbox 147 471 1841 526; baseline -0.001 -11"><span class='ocrx_word' id='word_1_45' title='bbox 147 473 316 515; x_wconf 89' lang='lat' dir='ltr'>restitui</span> <span class='ocrx_word' id='word_1_46' title='bbox 348 474 439 526; x_wconf 68' lang='lat' dir='ltr'>quis</span> <span class='ocrx_word' id='word_1_47' title='bbox 469 477 563 514; x_wconf 74' lang='lat' dir='ltr'>ante</span> <span class='ocrx_word' id='word_1_48' title='bbox 593 473 698 513; x_wconf 75' lang='lat' dir='ltr'>hunc</span> <span class='ocrx_word' id='word_1_49' title='bbox 730 475 771 513; x_wconf 90' lang='lat' dir='ltr'>et</span> <span class='ocrx_word' id='word_1_50' title='bbox 804 486 912 526; x_wconf 87' lang='lat' dir='ltr'>quae</span> <span class='ocrx_word' id='word_1_51' title='bbox 946 472 997 512; x_wconf 88' lang='lat' dir='ltr'>ad</span> <span class='ocrx_word' id='word_1_52' title='bbox 1030 471 1049 511; x_wconf 87' lang='grc' dir='ltr'>Ι</span> <span class='ocrx_word' id='word_1_53' title='bbox 1086 472 1181 513; x_wconf 90' lang='grc'>185.</span> <span class='ocrx_word' id='word_1_54' title='bbox 1214 471 1255 512; x_wconf 93' lang='grc' dir='ltr'><strong><em>Π</em></strong></span> <span class='ocrx_word' id='word_1_55' title='bbox 1288 472 1385 513; x_wconf 93' lang='grc'>229.</span> <span class='ocrx_word' id='word_1_56' title='bbox 1424 471 1489 512; x_wconf 85' lang='grc' dir='ltr'>ΠΙ</span> <span class='ocrx_word' id='word_1_57' title='bbox 1521 472 1619 525; x_wconf 92' lang='grc'>221,</span> <span class='ocrx_word' id='word_1_58' title='bbox 1652 473 1748 513; x_wconf 84' lang='grc'>384.</span> <span class='ocrx_word' id='word_1_59' title='bbox 1780 473 1841 513; x_wconf 81' lang='lat' dir='ltr'>IV</span> 
     </span>
     <span class='ocr_line' id='line_1_7' title="bbox 151 541 1841 596; baseline 0 -11"><span class='ocrx_word' id='word_1_60' title='bbox 151 544 245 585; x_wconf 87' lang='lat'>120.</span> <span class='ocrx_word' id='word_1_61' title='bbox 289 543 328 585; x_wconf 91' lang='lat' dir='ltr'>V</span> <span class='ocrx_word' id='word_1_62' title='bbox 366 545 458 585; x_wconf 91' lang='grc'>144.</span> <span class='ocrx_word' id='word_1_63' title='bbox 504 543 612 584; x_wconf 80' lang='lat' dir='ltr'>VIII</span> <span class='ocrx_word' id='word_1_64' title='bbox 648 543 742 596; x_wconf 91' lang='grc'>195,</span> <span class='ocrx_word' id='word_1_65' title='bbox 775 543 872 596; x_wconf 86' lang='grc'>326,</span> <span class='ocrx_word' id='word_1_66' title='bbox 905 543 1002 583; x_wconf 87' lang='grc'>404.</span> <span class='ocrx_word' id='word_1_67' title='bbox 1047 541 1109 582; x_wconf 85' lang='lat' dir='ltr'>IX</span> <span class='ocrx_word' id='word_1_68' title='bbox 1143 542 1239 583; x_wconf 77' lang='grc'>570.</span> <span class='ocrx_word' id='word_1_69' title='bbox 1284 542 1322 582; x_wconf 80' lang='lat' dir='ltr'>X</span> <span class='ocrx_word' id='word_1_70' title='bbox 1357 542 1453 596; x_wconf 76' lang='grc'>676,</span> <span class='ocrx_word' id='word_1_71' title='bbox 1488 542 1582 595; x_wconf 81' lang='lat'>770,</span> <span class='ocrx_word' id='word_1_72' title='bbox 1616 543 1713 596; x_wconf 87' lang='grc'>835,</span> <span class='ocrx_word' id='word_1_73' title='bbox 1746 544 1841 585; x_wconf 86' lang='lat'>838.</span> 
     </span>
     <span class='ocr_line' id='line_1_8' title="bbox 148 613 1845 669; baseline 0 -14"><span class='ocrx_word' id='word_1_74' title='bbox 148 613 210 655; x_wconf 91' lang='lat' dir='ltr'>XI</span> <span class='ocrx_word' id='word_1_75' title='bbox 242 615 339 669; x_wconf 83' lang='lat'>572,</span> <span class='ocrx_word' id='word_1_76' title='bbox 372 615 469 656; x_wconf 91' lang='grc'>590.</span> <span class='ocrx_word' id='word_1_77' title='bbox 508 613 590 654; x_wconf 85' lang='lat' dir='ltr'>XII</span> <span class='ocrx_word' id='word_1_78' title='bbox 624 615 660 667; x_wconf 85' lang='lat'>7,</span> <span class='ocrx_word' id='word_1_79' title='bbox 693 614 789 667; x_wconf 84' lang='lat'>351,</span> <span class='ocrx_word' id='word_1_80' title='bbox 822 614 919 667; x_wconf 79' lang='grc'>517,</span> <span class='ocrx_word' id='word_1_81' title='bbox 953 613 1036 654; x_wconf 91' lang='grc'>619</span> <span class='ocrx_word' id='word_1_82' title='bbox 1071 613 1276 654; x_wconf 84' lang='lat' dir='ltr'>adnotata</span> <span class='ocrx_word' id='word_1_83' title='bbox 1310 618 1410 654; x_wconf 89' lang='lat' dir='ltr'>sunt</span> <span class='ocrx_word' id='word_1_84' title='bbox 1441 627 1527 654; x_wconf 89' lang='lat' dir='ltr'>non</span> <span class='ocrx_word' id='word_1_85' title='bbox 1559 613 1707 655; x_wconf 85' lang='lat' dir='ltr'>dubito</span> <span class='ocrx_word' id='word_1_86' title='bbox 1743 615 1845 668; x_wconf 86' lang='lat' dir='ltr'>quin</span> 
     </span>
     <span class='ocr_line' id='line_1_9' title="bbox 148 684 1843 739; baseline 0 -13"><span class='ocrx_word' id='word_1_87' title='bbox 148 701 171 726; x_wconf 86' lang='lat' dir='ltr'>a</span> <span class='ocrx_word' id='word_1_88' title='bbox 204 685 345 727; x_wconf 90' lang='lat' dir='ltr'>Probo</span> <span class='ocrx_word' id='word_1_89' title='bbox 383 685 577 739; x_wconf 85' lang='lat' dir='ltr'>profecta</span> <span class='ocrx_word' id='word_1_90' title='bbox 615 684 714 726; x_wconf 86' lang='lat' dir='ltr'>sint.</span> <span class='ocrx_word' id='word_1_91' title='bbox 770 684 837 725; x_wconf 89' lang='lat' dir='ltr'>his</span> <span class='ocrx_word' id='word_1_92' title='bbox 877 684 983 725; x_wconf 89' lang='lat' dir='ltr'>locis</span> <span class='ocrx_word' id='word_1_93' title='bbox 1016 684 1161 738; x_wconf 87' lang='lat' dir='ltr'>diplen</span> <span class='ocrx_word' id='word_1_94' title='bbox 1194 684 1472 738; x_wconf 86' lang='lat' dir='ltr'>aperisticton</span> <span class='ocrx_word' id='word_1_95' title='bbox 1507 699 1530 724; x_wconf 92' lang='lat' dir='ltr'>a</span> <span class='ocrx_word' id='word_1_96' title='bbox 1563 684 1740 739; x_wconf 87' lang='lat' dir='ltr'>Berytio</span> <span class='ocrx_word' id='word_1_97' title='bbox 1774 686 1843 726; x_wconf 86' lang='lat' dir='ltr'>ad-</span> 
     </span>
     <span class='ocr_line' id='line_1_10' title="bbox 144 755 1840 810; baseline 0.001 -14"><span class='ocrx_word' id='word_1_98' title='bbox 144 757 333 810; x_wconf 86' lang='lat' dir='ltr'>positam</span> <span class='ocrx_word' id='word_1_99' title='bbox 370 756 502 797; x_wconf 87' lang='lat' dir='ltr'>fuisse</span> <span class='ocrx_word' id='word_1_100' title='bbox 543 755 753 809; x_wconf 85' lang='lat' dir='ltr'>suspicor:</span> <span class='ocrx_word' id='word_1_101' title='bbox 800 770 882 810; x_wconf 87' lang='lat' dir='ltr'>qua</span> <span class='ocrx_word' id='word_1_102' title='bbox 920 758 1023 797; x_wconf 82' lang='lat' dir='ltr'>nota</span> <span class='ocrx_word' id='word_1_103' title='bbox 1062 758 1110 796; x_wconf 91' lang='lat' dir='ltr'>ut</span> <span class='ocrx_word' id='word_1_104' title='bbox 1142 755 1440 797; x_wconf 71' lang='lat' dir='ltr'><strong>Aristarchum</strong></span> <span class='ocrx_word' id='word_1_105' title='bbox 1473 756 1535 796; x_wconf 86' lang='lat' dir='ltr'>ita</span> <span class='ocrx_word' id='word_1_106' title='bbox 1566 755 1753 797; x_wconf 86' lang='lat' dir='ltr'>Probum</span> <span class='ocrx_word' id='word_1_107' title='bbox 1788 757 1840 797; x_wconf 87' lang='lat' dir='ltr'>ad</span> 
     </span>
     <span class='ocr_line' id='line_1_11' title="bbox 143 826 1839 882; baseline 0.002 -15"><span class='ocrx_word' id='word_1_108' title='bbox 143 826 246 868; x_wconf 89' lang='lat' dir='ltr'>illud</span> <span class='ocrx_word' id='word_1_109' title='bbox 286 841 451 882; x_wconf 89' lang='lat' dir='ltr'>quoque</span> <span class='ocrx_word' id='word_1_110' title='bbox 491 841 613 867; x_wconf 91' lang='lat' dir='ltr'>usum</span> <span class='ocrx_word' id='word_1_111' title='bbox 653 841 745 868; x_wconf 90' lang='lat' dir='ltr'>esse</span> <span class='ocrx_word' id='word_1_112' title='bbox 784 829 973 880; x_wconf 83' lang='lat' dir='ltr'>constat,</span> <span class='ocrx_word' id='word_1_113' title='bbox 1021 829 1068 867; x_wconf 89' lang='lat' dir='ltr'>ut</span> <span class='ocrx_word' id='word_1_114' title='bbox 1106 826 1306 880; x_wconf 88' lang='lat' dir='ltr'>propriae</span> <span class='ocrx_word' id='word_1_115' title='bbox 1338 830 1490 880; x_wconf 89' lang='lat' dir='ltr'>poetae</span> <span class='ocrx_word' id='word_1_116' title='bbox 1523 827 1686 881; x_wconf 84' lang='lat' dir='ltr'>figurae</span> <span class='ocrx_word' id='word_1_117' title='bbox 1719 831 1839 870; x_wconf 86' lang='lat' dir='ltr'>nota-</span> 
     </span>
     <span class='ocr_line' id='line_1_12' title="bbox 145 895 1838 953; baseline 0.001 -15"><span class='ocrx_word' id='word_1_118' title='bbox 145 899 292 938; x_wconf 88' lang='lat' dir='ltr'>rentur</span> <span class='ocrx_word' id='word_1_119' title='bbox 324 895 395 953; x_wconf 82' lang='lat' dir='ltr'>(cf.</span> <span class='ocrx_word' id='word_1_120' title='bbox 428 897 572 939; x_wconf 89' lang='lat' dir='ltr'>anecd.</span> <span class='ocrx_word' id='word_1_121' title='bbox 604 897 740 938; x_wconf 86' lang='lat' dir='ltr'>Paris.</span> <span class='ocrx_word' id='word_1_122' title='bbox 772 897 1018 939; x_wconf 85' lang='lat' dir='ltr'>Reiffersch.</span> <span class='ocrx_word' id='word_1_123' title='bbox 1051 913 1089 951; x_wconf 89' lang='lat' dir='ltr'>p.</span> <span class='ocrx_word' id='word_1_124' title='bbox 1114 898 1208 951; x_wconf 91' lang='grc'>140,</span> <span class='ocrx_word' id='word_1_125' title='bbox 1243 896 1299 953; x_wconf 89' lang='grc'>2).</span> <span class='ocrx_word' id='word_1_126' title='bbox 1350 897 1500 938; x_wconf 89' lang='lat' dir='ltr'>deinde</span> <span class='ocrx_word' id='word_1_127' title='bbox 1534 898 1646 951; x_wconf 88' lang='lat' dir='ltr'>quod</span> <span class='ocrx_word' id='word_1_128' title='bbox 1679 899 1722 939; x_wconf 92' lang='lat' dir='ltr'>in</span> <span class='ocrx_word' id='word_1_129' title='bbox 1754 899 1838 940; x_wconf 92' lang='lat' dir='ltr'>Da-</span> 
     </span>
     <span class='ocr_line' id='line_1_13' title="bbox 142 967 1837 1022; baseline 0.001 -13"><span class='ocrx_word' id='word_1_130' title='bbox 142 968 302 1009; x_wconf 83' lang='lat' dir='ltr'>nielino</span> <span class='ocrx_word' id='word_1_131' title='bbox 336 969 643 1010; x_wconf 88' lang='lat' dir='ltr'>commentario</span> <span class='ocrx_word' id='word_1_132' title='bbox 684 968 850 1022; x_wconf 87' lang='lat' dir='ltr'>aliquot</span> <span class='ocrx_word' id='word_1_133' title='bbox 888 968 993 1008; x_wconf 89' lang='lat' dir='ltr'>locis</span> <span class='ocrx_word' id='word_1_134' title='bbox 1027 967 1292 1021; x_wconf 85' lang='lat' dir='ltr'>adscriptum</span> <span class='ocrx_word' id='word_1_135' title='bbox 1326 970 1391 1009; x_wconf 89' lang='lat' dir='ltr'>est</span> <span class='ocrx_word' id='word_1_136' title='bbox 1422 969 1482 1009; x_wconf 76' lang='lat' dir='ltr'>bis</span> <span class='ocrx_word' id='word_1_137' title='bbox 1513 969 1619 1010; x_wconf 50' lang='lat' dir='ltr'>‘idem</span> <span class='ocrx_word' id='word_1_138' title='bbox 1651 968 1691 1009; x_wconf 91' lang='lat' dir='ltr'>id</span> <span class='ocrx_word' id='word_1_139' title='bbox 1724 968 1837 1010; x_wconf 85' lang='lat' dir='ltr'>haud</span> 
     </span>
     <span class='ocr_line' id='line_1_14' title="bbox 142 1038 1836 1094; baseline 0.001 -14"><span class='ocrx_word' id='word_1_140' title='bbox 142 1039 227 1080; x_wconf 89' lang='lat' dir='ltr'>scio</span> <span class='ocrx_word' id='word_1_141' title='bbox 262 1053 315 1080; x_wconf 88' lang='lat' dir='ltr'>an</span> <span class='ocrx_word' id='word_1_142' title='bbox 347 1038 444 1080; x_wconf 90' lang='lat' dir='ltr'>inde</span> <span class='ocrx_word' id='word_1_143' title='bbox 478 1041 619 1081; x_wconf 89' lang='lat' dir='ltr'>ortum</span> <span class='ocrx_word' id='word_1_144' title='bbox 653 1040 719 1092; x_wconf 85' lang='lat' dir='ltr'>sit,</span> <span class='ocrx_word' id='word_1_145' title='bbox 753 1039 864 1094; x_wconf 91' lang='lat' dir='ltr'>quod</span> <span class='ocrx_word' id='word_1_146' title='bbox 898 1039 1062 1080; x_wconf 88' lang='lat' dir='ltr'>Probus</span> <span class='ocrx_word' id='word_1_147' title='bbox 1093 1046 1137 1086; x_wconf 71' lang='grc'>&gt;</span> <span class='ocrx_word' id='word_1_148' title='bbox 1172 1041 1319 1080; x_wconf 86' lang='lat' dir='ltr'>notam</span> <span class='ocrx_word' id='word_1_149' title='bbox 1355 1039 1620 1093; x_wconf 73' lang='lat' dir='ltr'>adposuerit,</span> <span class='ocrx_word' id='word_1_150' title='bbox 1653 1055 1759 1093; x_wconf 87' lang='lat' dir='ltr'>quae</span> <span class='ocrx_word' id='word_1_151' title='bbox 1792 1041 1836 1081; x_wconf 93' lang='grc'>111</span> 
     </span>
     <span class='ocr_line' id='line_1_15' title="bbox 142 1108 1836 1165; baseline 0.001 -15"><span class='ocrx_word' id='word_1_152' title='bbox 142 1109 347 1151; x_wconf 80' lang='lat' dir='ltr'>anecdoto</span> <span class='ocrx_word' id='word_1_153' title='bbox 380 1109 575 1152; x_wconf 81' lang='lat' dir='ltr'>Parisino</span> <span class='ocrx_word' id='word_1_154' title='bbox 618 1109 675 1164; x_wconf 87' lang='lat' dir='ltr'>(p.</span> <span class='ocrx_word' id='word_1_155' title='bbox 712 1110 806 1163; x_wconf 82' lang='lat'>141,</span> <span class='ocrx_word' id='word_1_156' title='bbox 839 1110 864 1150; x_wconf 90' lang='grc'>9</span> <span class='ocrx_word' id='word_1_157' title='bbox 898 1108 1164 1165; x_wconf 70' lang='lat' dir='ltr'>Reiffersch.)</span> <span class='ocrx_word' id='word_1_158' title='bbox 1204 1109 1271 1150; x_wconf 90' lang='lat' dir='ltr'>his</span> <span class='ocrx_word' id='word_1_159' title='bbox 1305 1110 1446 1150; x_wconf 85' lang='lat' dir='ltr'>verbis</span> <span class='ocrx_word' id='word_1_160' title='bbox 1481 1110 1717 1164; x_wconf 71' lang='lat' dir='ltr'>explicatur</span> <span class='ocrx_word' id='word_1_161' title='bbox 1751 1110 1836 1152; x_wconf 70' lang='lat' dir='ltr'>‘bis</span> 
     </span>
     <span class='ocr_line' id='line_1_16' title="bbox 139 1179 1835 1237; baseline 0.001 -16"><span class='ocrx_word' id='word_1_162' title='bbox 139 1180 299 1221; x_wconf 87' lang='lat' dir='ltr'>dictum</span> <span class='ocrx_word' id='word_1_163' title='bbox 312 1180 335 1221; x_wconf 74' lang='lat'>⁹.</span> <span class='ocrx_word' id='word_1_164' title='bbox 397 1180 447 1221; x_wconf 87' lang='lat' dir='ltr'>cf.</span> <span class='ocrx_word' id='word_1_165' title='bbox 481 1180 533 1221; x_wconf 86' lang='lat' dir='ltr'>ad</span> <span class='ocrx_word' id='word_1_166' title='bbox 564 1180 584 1221; x_wconf 88' lang='lat' dir='ltr'>I</span> <span class='ocrx_word' id='word_1_167' title='bbox 617 1182 672 1222; x_wconf 87' lang='lat'>23</span> <span class='ocrx_word' id='word_1_168' title='bbox 691 1179 742 1237; x_wconf 83' lang='lat'>¹),</span> <span class='ocrx_word' id='word_1_169' title='bbox 778 1181 858 1221; x_wconf 91' lang='grc'>146</span> <span class='ocrx_word' id='word_1_170' title='bbox 893 1180 1031 1221; x_wconf 71' lang='lat' dir='ltr'>‘levat</span> <span class='ocrx_word' id='word_1_171' title='bbox 1064 1184 1105 1221; x_wconf 86' lang='lat' dir='ltr'>et</span> <span class='ocrx_word' id='word_1_172' title='bbox 1139 1181 1276 1234; x_wconf 86' lang='lat' dir='ltr'>aperit</span> <span class='ocrx_word' id='word_1_173' title='bbox 1309 1180 1493 1235; x_wconf 79' lang='lat' dir='ltr'>Syrtes&#39;,</span> <span class='ocrx_word' id='word_1_174' title='bbox 1528 1181 1589 1221; x_wconf 88' lang='lat' dir='ltr'>IV</span> <span class='ocrx_word' id='word_1_175' title='bbox 1622 1182 1706 1222; x_wconf 88' lang='lat'>316</span> <span class='ocrx_word' id='word_1_176' title='bbox 1741 1181 1835 1236; x_wconf 68' lang='lat' dir='ltr'>tper</span> 
     </span>
     <span class='ocr_line' id='line_1_17' title="bbox 138 1251 1835 1306; baseline 0.001 -14"><span class='ocrx_word' id='word_1_177' title='bbox 138 1251 319 1293; x_wconf 87' lang='lat' dir='ltr'>conubia</span> <span class='ocrx_word' id='word_1_178' title='bbox 350 1254 498 1293; x_wconf 90' lang='lat' dir='ltr'>nostra</span> <span class='ocrx_word' id='word_1_179' title='bbox 529 1266 605 1305; x_wconf 88' lang='lat' dir='ltr'>per</span> <span class='ocrx_word' id='word_1_180' title='bbox 637 1252 831 1306; x_wconf 90' lang='lat' dir='ltr'>inceptos</span> <span class='ocrx_word' id='word_1_181' title='bbox 862 1251 1160 1306; x_wconf 85' lang='lat' dir='ltr'>hymenaeos’,</span> <span class='ocrx_word' id='word_1_182' title='bbox 1211 1252 1295 1293; x_wconf 84' lang='lat'>352</span> <span class='ocrx_word' id='word_1_183' title='bbox 1335 1251 1553 1306; x_wconf 70' lang='lat' dir='ltr'>‘quotiens</span> <span class='ocrx_word' id='word_1_184' title='bbox 1593 1253 1835 1294; x_wconf 89' lang='lat' dir='ltr'>umentibus</span> 
     </span>
     <span class='ocr_line' id='line_1_18' title="bbox 136 1321 1834 1377; baseline 0.001 -14"><span class='ocrx_word' id='word_1_185' title='bbox 136 1321 322 1363; x_wconf 84' lang='lat' dir='ltr'>umbris&#39;</span> <span class='ocrx_word' id='word_1_186' title='bbox 367 1337 400 1363; x_wconf 90' lang='lat' dir='ltr'>e.</span> <span class='ocrx_word' id='word_1_187' title='bbox 434 1337 471 1376; x_wconf 90' lang='lat' dir='ltr'>q.</span> <span class='ocrx_word' id='word_1_188' title='bbox 505 1337 553 1377; x_wconf 88' lang='lat' dir='ltr'>s.,</span> <span class='ocrx_word' id='word_1_189' title='bbox 597 1321 637 1363; x_wconf 93' lang='lat' dir='ltr'><strong>V</strong></span> <span class='ocrx_word' id='word_1_190' title='bbox 677 1323 731 1363; x_wconf 91' lang='lat'>23</span> <span class='ocrx_word' id='word_1_191' title='bbox 778 1322 1028 1377; x_wconf 73' lang='lat' dir='ltr'>esequamur</span> <span class='ocrx_word' id='word_1_192' title='bbox 1072 1337 1238 1377; x_wconf 88' lang='lat' dir='ltr'>quoque</span> <span class='ocrx_word' id='word_1_193' title='bbox 1288 1326 1415 1364; x_wconf 83' lang='lat' dir='ltr'>vocat</span> <span class='ocrx_word' id='word_1_194' title='bbox 1459 1326 1675 1364; x_wconf 87' lang='lat' dir='ltr'>vertamus</span> <span class='ocrx_word' id='word_1_195' title='bbox 1721 1324 1834 1366; x_wconf 86' lang='lat' dir='ltr'>iter’.</span> 
     </span>
     <span class='ocr_line' id='line_1_19' title="bbox 137 1392 1834 1448; baseline 0.002 -15"><span class='ocrx_word' id='word_1_196' title='bbox 137 1393 317 1447; x_wconf 88' lang='lat' dir='ltr'>denique</span> <span class='ocrx_word' id='word_1_197' title='bbox 351 1407 446 1434; x_wconf 89' lang='lat' dir='ltr'>cum</span> <span class='ocrx_word' id='word_1_198' title='bbox 478 1393 667 1434; x_wconf 87' lang='lat' dir='ltr'>Probum</span> <span class='ocrx_word' id='word_1_199' title='bbox 700 1394 743 1434; x_wconf 90' lang='lat' dir='ltr'>in</span> <span class='ocrx_word' id='word_1_200' title='bbox 776 1392 1057 1434; x_wconf 83' lang='lat' dir='ltr'>emendandis</span> <span class='ocrx_word' id='word_1_201' title='bbox 1090 1393 1272 1434; x_wconf 80' lang='lat' dir='ltr'>maxime</span> <span class='ocrx_word' id='word_1_202' title='bbox 1299 1392 1485 1448; x_wconf 79' lang='lat' dir='ltr'>Vergilii</span> <span class='ocrx_word' id='word_1_203' title='bbox 1519 1394 1834 1448; x_wconf 75' lang='lat' dir='ltr'>exemplaribus</span> 
     </span>
     <span class='ocr_line' id='line_1_20' title="bbox 138 1463 1833 1518; baseline 0.001 -13"><span class='ocrx_word' id='word_1_204' title='bbox 138 1478 308 1518; x_wconf 86' lang='lat' dir='ltr'>operam</span> <span class='ocrx_word' id='word_1_205' title='bbox 344 1464 576 1505; x_wconf 78' lang='lat' dir='ltr'>collocasse</span> <span class='ocrx_word' id='word_1_206' title='bbox 611 1465 773 1504; x_wconf 87' lang='lat' dir='ltr'>certum</span> <span class='ocrx_word' id='word_1_207' title='bbox 814 1463 872 1504; x_wconf 92' lang='lat' dir='ltr'>sit</span> <span class='ocrx_word' id='word_1_208' title='bbox 904 1466 946 1504; x_wconf 87' lang='lat' dir='ltr'>et</span> <span class='ocrx_word' id='word_1_209' title='bbox 978 1463 1164 1517; x_wconf 89' lang='lat' dir='ltr'>primum</span> <span class='ocrx_word' id='word_1_210' title='bbox 1198 1466 1310 1505; x_wconf 87' lang='lat' dir='ltr'>certe</span> <span class='ocrx_word' id='word_1_211' title='bbox 1344 1465 1642 1518; x_wconf 78' lang='lat' dir='ltr'>georgicorum</span> <span class='ocrx_word' id='word_1_212' title='bbox 1676 1466 1833 1507; x_wconf 85' lang='lat' dir='ltr'>librum</span> 
     </span>
     <span class='ocr_line' id='line_1_21' title="bbox 136 1533 1832 1592; baseline 0.002 -17"><span class='ocrx_word' id='word_1_213' title='bbox 136 1534 269 1588; x_wconf 90' lang='lat' dir='ltr'>ipsius</span> <span class='ocrx_word' id='word_1_214' title='bbox 302 1537 454 1589; x_wconf 88' lang='lat' dir='ltr'>poetae</span> <span class='ocrx_word' id='word_1_215' title='bbox 487 1550 615 1576; x_wconf 89' lang='lat' dir='ltr'>manu</span> <span class='ocrx_word' id='word_1_216' title='bbox 649 1536 888 1575; x_wconf 89' lang='lat' dir='ltr'>correctum</span> <span class='ocrx_word' id='word_1_217' title='bbox 920 1534 1077 1588; x_wconf 78' lang='lat' dir='ltr'>legisse</span> <span class='ocrx_word' id='word_1_218' title='bbox 1110 1533 1239 1575; x_wconf 84' lang='lat' dir='ltr'>Gellii</span> <span class='ocrx_word' id='word_1_219' title='bbox 1272 1535 1518 1576; x_wconf 90' lang='lat' dir='ltr'>testimonio</span> <span class='ocrx_word' id='word_1_220' title='bbox 1553 1534 1677 1589; x_wconf 79' lang='lat' dir='ltr'>(XIII</span> <span class='ocrx_word' id='word_1_221' title='bbox 1699 1537 1767 1590; x_wconf 89' lang='grc'>21,</span> <span class='ocrx_word' id='word_1_222' title='bbox 1788 1537 1832 1592; x_wconf 88' lang='grc'>4)</span> 
     </span>
     <span class='ocr_line' id='line_1_22' title="bbox 135 1605 1832 1661; baseline 0.001 -14"><span class='ocrx_word' id='word_1_223' title='bbox 135 1608 316 1660; x_wconf 86' lang='lat' dir='ltr'>constet,</span> <span class='ocrx_word' id='word_1_224' title='bbox 348 1620 434 1647; x_wconf 88' lang='lat' dir='ltr'>non</span> <span class='ocrx_word' id='word_1_225' title='bbox 466 1606 636 1647; x_wconf 87' lang='lat' dir='ltr'>videtur</span> <span class='ocrx_word' id='word_1_226' title='bbox 667 1605 928 1647; x_wconf 87' lang='lat' dir='ltr'>temeritatis</span> <span class='ocrx_word' id='word_1_227' title='bbox 963 1619 1053 1646; x_wconf 90' lang='lat' dir='ltr'>esse</span> <span class='ocrx_word' id='word_1_228' title='bbox 1087 1620 1136 1646; x_wconf 92' lang='lat' dir='ltr'>ea</span> <span class='ocrx_word' id='word_1_229' title='bbox 1170 1605 1374 1646; x_wconf 87' lang='lat' dir='ltr'>additicia</span> <span class='ocrx_word' id='word_1_230' title='bbox 1400 1606 1575 1660; x_wconf 86' lang='lat' dir='ltr'>scholia,</span> <span class='ocrx_word' id='word_1_231' title='bbox 1608 1608 1760 1661; x_wconf 89' lang='lat' dir='ltr'>quibus</span> <span class='ocrx_word' id='word_1_232' title='bbox 1783 1608 1832 1649; x_wconf 87' lang='lat' dir='ltr'>de</span> 
     </span>
     <span class='ocr_line' id='line_1_23' title="bbox 136 1675 1829 1731; baseline 0.002 -14"><span class='ocrx_word' id='word_1_233' title='bbox 136 1677 395 1718; x_wconf 84' lang='lat' dir='ltr'>carminibus</span> <span class='ocrx_word' id='word_1_234' title='bbox 436 1677 487 1718; x_wconf 89' lang='lat' dir='ltr'>ab</span> <span class='ocrx_word' id='word_1_235' title='bbox 527 1677 621 1731; x_wconf 90' lang='lat' dir='ltr'>ipso</span> <span class='ocrx_word' id='word_1_236' title='bbox 656 1675 850 1731; x_wconf 89' lang='lat' dir='ltr'>Vergilio</span> <span class='ocrx_word' id='word_1_237' title='bbox 890 1675 1128 1716; x_wconf 86' lang='lat' dir='ltr'>emendatis</span> <span class='ocrx_word' id='word_1_238' title='bbox 1159 1676 1363 1731; x_wconf 86' lang='lat' dir='ltr'>refertur,</span> <span class='ocrx_word' id='word_1_239' title='bbox 1409 1676 1460 1717; x_wconf 84' lang='lat' dir='ltr'>ad</span> <span class='ocrx_word' id='word_1_240' title='bbox 1492 1677 1682 1718; x_wconf 87' lang='lat' dir='ltr'>Probum</span> <span class='ocrx_word' id='word_1_241' title='bbox 1714 1693 1829 1721; x_wconf 86' lang='lat' dir='ltr'>revo-</span> 
     </span>
     <span class='ocr_line' id='line_1_24' title="bbox 138 1746 1832 1804; baseline 0.001 -15"><span class='ocrx_word' id='word_1_242' title='bbox 138 1762 244 1789; x_wconf 86' lang='lat' dir='ltr'>care.</span> <span class='ocrx_word' id='word_1_243' title='bbox 314 1748 532 1789; x_wconf 84' lang='lat' dir='ltr'>adsentior</span> <span class='ocrx_word' id='word_1_244' title='bbox 565 1747 761 1802; x_wconf 83' lang='lat' dir='ltr'>equidem</span> <span class='ocrx_word' id='word_1_245' title='bbox 794 1746 1051 1801; x_wconf 85' lang='lat' dir='ltr'>Ribbeckio,</span> <span class='ocrx_word' id='word_1_246' title='bbox 1096 1747 1167 1801; x_wconf 89' lang='lat' dir='ltr'>qui</span> <span class='ocrx_word' id='word_1_247' title='bbox 1199 1748 1306 1801; x_wconf 86' lang='lat' dir='ltr'>prol.</span> <span class='ocrx_word' id='word_1_248' title='bbox 1339 1763 1378 1802; x_wconf 90' lang='lat' dir='ltr'>p.</span> <span class='ocrx_word' id='word_1_249' title='bbox 1415 1748 1495 1789; x_wconf 88' lang='grc'>189</span> <span class='ocrx_word' id='word_1_250' title='bbox 1531 1763 1637 1802; x_wconf 84' lang='lat' dir='ltr'>quae</span> <span class='ocrx_word' id='word_1_251' title='bbox 1670 1750 1713 1790; x_wconf 92' lang='lat' dir='ltr'>in</span> <span class='ocrx_word' id='word_1_252' title='bbox 1746 1751 1832 1804; x_wconf 88' lang='lat' dir='ltr'>ple-</span> 
     </span>
     <span class='ocr_line' id='line_1_25' title="bbox 135 1817 1832 1874; baseline 0.002 -16"><span class='ocrx_word' id='word_1_253' title='bbox 135 1818 328 1859; x_wconf 86' lang='lat' dir='ltr'>nioribus</span> <span class='ocrx_word' id='word_1_254' title='bbox 355 1818 476 1859; x_wconf 89' lang='lat' dir='ltr'>libris</span> <span class='ocrx_word' id='word_1_255' title='bbox 505 1818 554 1859; x_wconf 88' lang='lat' dir='ltr'>de</span> <span class='ocrx_word' id='word_1_256' title='bbox 582 1818 820 1872; x_wconf 71' lang='lat' dir='ltr'>scripturae</span> <span class='ocrx_word' id='word_1_257' title='bbox 847 1817 1146 1871; x_wconf 86' lang='lat' dir='ltr'>discrepantiis</span> <span class='ocrx_word' id='word_1_258' title='bbox 1174 1821 1508 1860; x_wconf 87' lang='lat' dir='ltr'>commemorata</span> <span class='ocrx_word' id='word_1_259' title='bbox 1536 1820 1622 1861; x_wconf 89' lang='lat' dir='ltr'>sint</span> <span class='ocrx_word' id='word_1_260' title='bbox 1648 1821 1832 1874; x_wconf 77' lang='lat' dir='ltr'>plerum-</span> 
     </span>
     <span class='ocr_line' id='line_1_26' title="bbox 138 1888 1830 1943; baseline 0.003 -14"><span class='ocrx_word' id='word_1_261' title='bbox 138 1903 218 1942; x_wconf 88' lang='lat' dir='ltr'>que</span> <span class='ocrx_word' id='word_1_262' title='bbox 255 1888 418 1929; x_wconf 86' lang='lat' dir='ltr'>futtilia</span> <span class='ocrx_word' id='word_1_263' title='bbox 457 1903 548 1930; x_wconf 90' lang='lat' dir='ltr'>esse</span> <span class='ocrx_word' id='word_1_264' title='bbox 581 1903 717 1943; x_wconf 89' lang='lat' dir='ltr'>neque</span> <span class='ocrx_word' id='word_1_265' title='bbox 750 1888 801 1929; x_wconf 88' lang='lat' dir='ltr'>ad</span> <span class='ocrx_word' id='word_1_266' title='bbox 834 1888 1044 1929; x_wconf 89' lang='lat' dir='ltr'>librorum</span> <span class='ocrx_word' id='word_1_267' title='bbox 1084 1902 1182 1930; x_wconf 83' lang='lat' dir='ltr'>vere</span> <span class='ocrx_word' id='word_1_268' title='bbox 1222 1888 1495 1943; x_wconf 87' lang='lat' dir='ltr'>antiquorum</span> <span class='ocrx_word' id='word_1_269' title='bbox 1529 1892 1830 1934; x_wconf 86' lang='lat' dir='ltr'>auctoritatem</span> 
     </span>
     <span class='ocr_line' id='line_1_27' title="bbox 132 1959 1830 2018; baseline 0.002 -18"><span class='ocrx_word' id='word_1_270' title='bbox 132 1959 268 2000; x_wconf 89' lang='lat' dir='ltr'>redire</span> <span class='ocrx_word' id='word_1_271' title='bbox 310 1959 430 2014; x_wconf 84' lang='lat' dir='ltr'>dicit,</span> <span class='ocrx_word' id='word_1_272' title='bbox 477 1959 550 2001; x_wconf 89' lang='lat' dir='ltr'>sed</span> <span class='ocrx_word' id='word_1_273' title='bbox 583 1974 689 2014; x_wconf 87' lang='lat' dir='ltr'>quae</span> <span class='ocrx_word' id='word_1_274' title='bbox 724 1959 775 2000; x_wconf 88' lang='lat' dir='ltr'>ad</span> <span class='ocrx_word' id='word_1_275' title='bbox 809 1972 953 2014; x_wconf 89' lang='lat' dir='ltr'>georg.</span> <span class='ocrx_word' id='word_1_276' title='bbox 985 1959 1005 2000; x_wconf 92' lang='grc' dir='ltr'>Ι</span> <span class='ocrx_word' id='word_1_277' title='bbox 1038 1959 1110 2013; x_wconf 88' lang='grc'>64,</span> <span class='ocrx_word' id='word_1_278' title='bbox 1146 1960 1218 2013; x_wconf 90' lang='grc'>66,</span> <span class='ocrx_word' id='word_1_279' title='bbox 1253 1960 1306 2001; x_wconf 90' lang='lat'>68</span> <span class='ocrx_word' id='word_1_280' title='bbox 1340 1963 1383 2001; x_wconf 92' lang='lat' dir='ltr'>et</span> <span class='ocrx_word' id='word_1_281' title='bbox 1415 1961 1466 2001; x_wconf 89' lang='lat' dir='ltr'>ad</span> <span class='ocrx_word' id='word_1_282' title='bbox 1500 1960 1605 2002; x_wconf 91' lang='lat' dir='ltr'>Aen.</span> <span class='ocrx_word' id='word_1_283' title='bbox 1637 1962 1701 2003; x_wconf 88' lang='lat' dir='ltr'>III</span> <span class='ocrx_word' id='word_1_284' title='bbox 1734 1964 1830 2018; x_wconf 85' lang='grc'>204,</span> 
     </span>
     <span class='ocr_line' id='line_1_28' title="bbox 131 2030 1828 2085; baseline 0.003 -14"><span class='ocrx_word' id='word_1_285' title='bbox 131 2030 215 2071; x_wconf 87' lang='grc'>226</span> <span class='ocrx_word' id='word_1_286' title='bbox 261 2030 311 2071; x_wconf 91' lang='lat' dir='ltr'>de</span> <span class='ocrx_word' id='word_1_287' title='bbox 356 2030 497 2071; x_wconf 88' lang='lat' dir='ltr'>verbis</span> <span class='ocrx_word' id='word_1_288' title='bbox 540 2046 564 2072; x_wconf 89' lang='lat' dir='ltr'>a</span> <span class='ocrx_word' id='word_1_289' title='bbox 604 2033 731 2085; x_wconf 88' lang='lat' dir='ltr'>poeta</span> <span class='ocrx_word' id='word_1_290' title='bbox 772 2030 866 2084; x_wconf 89' lang='lat' dir='ltr'>ipso</span> <span class='ocrx_word' id='word_1_291' title='bbox 908 2032 957 2071; x_wconf 92' lang='lat' dir='ltr'>ut</span> <span class='ocrx_word' id='word_1_292' title='bbox 997 2030 1165 2071; x_wconf 86' lang='lat' dir='ltr'>videtur</span> <span class='ocrx_word' id='word_1_293' title='bbox 1203 2030 1387 2072; x_wconf 88' lang='lat' dir='ltr'>inductis</span> <span class='ocrx_word' id='word_1_294' title='bbox 1426 2032 1493 2072; x_wconf 87' lang='lat' dir='ltr'>vel</span> <span class='ocrx_word' id='word_1_295' title='bbox 1527 2033 1828 2076; x_wconf 74' lang='lat' dir='ltr'>circumductis</span> 
     </span>
     <span class='ocr_line' id='line_1_29' title="bbox 131 2096 1307 2155; baseline 0.002 -14"><span class='ocrx_word' id='word_1_296' title='bbox 131 2103 307 2142; x_wconf 87' lang='lat' dir='ltr'>narrata</span> <span class='ocrx_word' id='word_1_297' title='bbox 339 2104 439 2143; x_wconf 90' lang='lat' dir='ltr'>sunt</span> <span class='ocrx_word' id='word_1_298' title='bbox 471 2096 520 2143; x_wconf 70' lang='lat' dir='ltr'>ea</span> <span class='ocrx_word' id='word_1_299' title='bbox 551 2101 701 2143; x_wconf 88' lang='lat' dir='ltr'>dubito</span> <span class='ocrx_word' id='word_1_300' title='bbox 735 2116 788 2142; x_wconf 87' lang='lat' dir='ltr'>an</span> <span class='ocrx_word' id='word_1_301' title='bbox 820 2116 906 2143; x_wconf 88' lang='grc'>11011</span> <span class='ocrx_word' id='word_1_302' title='bbox 939 2102 1025 2143; x_wconf 89' lang='lat' dir='ltr'>sint</span> <span class='ocrx_word' id='word_1_303' title='bbox 1058 2102 1307 2155; x_wconf 87' lang='lat' dir='ltr'>spernenda.</span> 
     </span>
    </p>

    <p class='ocr_par' dir='ltr' id='par_1_3' title="bbox 126 2171 1829 2796">
     <span class='ocr_line' id='line_1_30' title="bbox 247 2171 1829 2230; baseline 0.003 -17"><span class='ocrx_word' id='word_1_304' title='bbox 247 2172 436 2214; x_wconf 88' lang='lat' dir='ltr'>Transeo</span> <span class='ocrx_word' id='word_1_305' title='bbox 464 2172 517 2213; x_wconf 86' lang='lat' dir='ltr'>ad</span> <span class='ocrx_word' id='word_1_306' title='bbox 543 2172 748 2213; x_wconf 90' lang='lat' dir='ltr'>Aelium</span> <span class='ocrx_word' id='word_1_307' title='bbox 774 2171 1045 2226; x_wconf 86' lang='lat' dir='ltr'>Donatum,</span> <span class='ocrx_word' id='word_1_308' title='bbox 1092 2187 1216 2227; x_wconf 87' lang='lat' dir='ltr'>quem</span> <span class='ocrx_word' id='word_1_309' title='bbox 1250 2173 1389 2215; x_wconf 89' lang='lat' dir='ltr'>medio</span> <span class='ocrx_word' id='word_1_310' title='bbox 1422 2173 1510 2215; x_wconf 86' lang='lat' dir='ltr'>fere</span> <span class='ocrx_word' id='word_1_311' title='bbox 1543 2177 1697 2229; x_wconf 86' lang='lat' dir='ltr'>quarto</span> <span class='ocrx_word' id='word_1_312' title='bbox 1730 2180 1829 2230; x_wconf 86' lang='lat' dir='ltr'>post</span> 
     </span>
     <span class='ocr_line' id='line_1_31' title="bbox 132 2243 1827 2300; baseline 0.002 -16"><span class='ocrx_word' id='word_1_313' title='bbox 132 2243 351 2285; x_wconf 82' lang='lat' dir='ltr'>Christum</span> <span class='ocrx_word' id='word_1_314' title='bbox 384 2243 554 2285; x_wconf 88' lang='lat' dir='ltr'>saeculo</span> <span class='ocrx_word' id='word_1_315' title='bbox 587 2244 780 2285; x_wconf 88' lang='lat' dir='ltr'>floruisse</span> <span class='ocrx_word' id='word_1_316' title='bbox 813 2246 943 2298; x_wconf 84' lang='lat' dir='ltr'>atque</span> <span class='ocrx_word' id='word_1_317' title='bbox 975 2244 1019 2284; x_wconf 91' lang='lat' dir='ltr'>in</span> <span class='ocrx_word' id='word_1_318' title='bbox 1041 2244 1231 2286; x_wconf 86' lang='lat' dir='ltr'>Terentii</span> <span class='ocrx_word' id='word_1_319' title='bbox 1263 2244 1434 2286; x_wconf 86' lang='lat' dir='ltr'>fabulas</span> <span class='ocrx_word' id='word_1_320' title='bbox 1468 2248 1511 2287; x_wconf 90' lang='lat' dir='ltr'>et</span> <span class='ocrx_word' id='word_1_321' title='bbox 1531 2245 1714 2300; x_wconf 78' lang='lat' dir='ltr'>Vergilii</span> <span class='ocrx_word' id='word_1_322' title='bbox 1742 2261 1827 2288; x_wconf 89' lang='lat' dir='ltr'>car-</span> 
     </span>
     <span class='ocr_line' id='line_1_32' title="bbox 129 2315 1826 2372; baseline 0.002 -17"><span class='ocrx_word' id='word_1_323' title='bbox 129 2315 246 2356; x_wconf 88' lang='lat' dir='ltr'>mina</span> <span class='ocrx_word' id='word_1_324' title='bbox 290 2315 618 2356; x_wconf 69' lang='lat' dir='ltr'>commentarios</span> <span class='ocrx_word' id='word_1_325' title='bbox 665 2315 891 2369; x_wconf 87' lang='lat' dir='ltr'>scripsisse</span> <span class='ocrx_word' id='word_1_326' title='bbox 938 2315 1226 2371; x_wconf 87' lang='lat' dir='ltr'>Hieronymus</span> <span class='ocrx_word' id='word_1_327' title='bbox 1272 2319 1421 2358; x_wconf 83' lang='lat' dir='ltr'>auctor</span> <span class='ocrx_word' id='word_1_328' title='bbox 1466 2320 1532 2358; x_wconf 89' lang='lat' dir='ltr'>est</span> <span class='ocrx_word' id='word_1_329' title='bbox 1577 2317 1646 2372; x_wconf 78' lang='lat' dir='ltr'>(cf.</span> <span class='ocrx_word' id='word_1_330' title='bbox 1680 2318 1826 2359; x_wconf 87' lang='lat' dir='ltr'>chron.</span> 
     </span>
     <span class='ocr_line' id='line_1_33' title="bbox 128 2385 1825 2442; baseline 0.002 -16"><span class='ocrx_word' id='word_1_331' title='bbox 128 2385 307 2427; x_wconf 89' lang='lat' dir='ltr'>Eusebii</span> <span class='ocrx_word' id='word_1_332' title='bbox 340 2400 375 2427; x_wconf 89' lang='lat' dir='ltr'>a.</span> <span class='ocrx_word' id='word_1_333' title='bbox 409 2385 494 2427; x_wconf 88' lang='lat'>355</span> <span class='ocrx_word' id='word_1_334' title='bbox 527 2389 570 2427; x_wconf 88' lang='lat' dir='ltr'>et</span> <span class='ocrx_word' id='word_1_335' title='bbox 603 2387 712 2440; x_wconf 87' lang='lat' dir='ltr'>apol.</span> <span class='ocrx_word' id='word_1_336' title='bbox 746 2401 777 2427; x_wconf 90' lang='lat' dir='ltr'>c.</span> <span class='ocrx_word' id='word_1_337' title='bbox 810 2386 909 2428; x_wconf 83' lang='lat' dir='ltr'>Ruf.</span> <span class='ocrx_word' id='word_1_338' title='bbox 940 2387 967 2427; x_wconf 91' lang='lat' dir='ltr'>l.</span> <span class='ocrx_word' id='word_1_339' title='bbox 995 2385 1053 2442; x_wconf 87' lang='lat' dir='ltr'>l.).</span> <span class='ocrx_word' id='word_1_340' title='bbox 1104 2387 1353 2429; x_wconf 87' lang='lat' dir='ltr'>Terentiani</span> <span class='ocrx_word' id='word_1_341' title='bbox 1386 2389 1681 2429; x_wconf 83' lang='lat' dir='ltr'>commentarii</span> <span class='ocrx_word' id='word_1_342' title='bbox 1715 2391 1825 2430; x_wconf 85' lang='lat' dir='ltr'>aeta-</span> 
     </span>
     <span class='ocr_line' id='line_1_34' title="bbox 127 2454 1825 2512; baseline 0.002 -15"><span class='ocrx_word' id='word_1_343' title='bbox 127 2458 215 2498; x_wconf 89' lang='lat' dir='ltr'>tem</span> <span class='ocrx_word' id='word_1_344' title='bbox 248 2457 439 2498; x_wconf 89' lang='lat' dir='ltr'>tulerunt</span> <span class='ocrx_word' id='word_1_345' title='bbox 453 2454 507 2512; x_wconf 81' lang='grc'>2),</span> <span class='ocrx_word' id='word_1_346' title='bbox 539 2457 782 2512; x_wconf 87' lang='lat' dir='ltr'>Vergiliani</span> <span class='ocrx_word' id='word_1_347' title='bbox 814 2457 1045 2511; x_wconf 88' lang='lat' dir='ltr'>perierunt.</span> <span class='ocrx_word' id='word_1_348' title='bbox 1096 2458 1168 2499; x_wconf 88' lang='lat' dir='ltr'>sed</span> <span class='ocrx_word' id='word_1_349' title='bbox 1201 2473 1296 2499; x_wconf 88' lang='lat' dir='ltr'>cum</span> <span class='ocrx_word' id='word_1_350' title='bbox 1330 2459 1524 2500; x_wconf 88' lang='lat' dir='ltr'>Donatus</span> <span class='ocrx_word' id='word_1_351' title='bbox 1557 2459 1601 2500; x_wconf 89' lang='lat' dir='ltr'>in</span> <span class='ocrx_word' id='word_1_352' title='bbox 1634 2458 1825 2501; x_wconf 86' lang='lat' dir='ltr'>Terentii</span> 
     </span>
     <span class='ocr_line' id='line_1_35' title="bbox 126 2527 1825 2585; baseline 0.002 -17"><span class='ocrx_word' id='word_1_353' title='bbox 126 2527 481 2582; x_wconf 86' lang='lat' dir='ltr'>interpretatione</span> <span class='ocrx_word' id='word_1_354' title='bbox 520 2528 774 2582; x_wconf 89' lang='lat' dir='ltr'>saepissime</span> <span class='ocrx_word' id='word_1_355' title='bbox 807 2528 1071 2583; x_wconf 88' lang='lat' dir='ltr'>Vergilianis</span> <span class='ocrx_word' id='word_1_356' title='bbox 1106 2530 1312 2584; x_wconf 86' lang='lat' dir='ltr'>exemplis</span> <span class='ocrx_word' id='word_1_357' title='bbox 1345 2545 1446 2571; x_wconf 86' lang='lat' dir='ltr'>usus</span> <span class='ocrx_word' id='word_1_358' title='bbox 1481 2530 1553 2583; x_wconf 88' lang='lat' dir='ltr'>sit,</span> <span class='ocrx_word' id='word_1_359' title='bbox 1594 2530 1698 2571; x_wconf 90' lang='lat' dir='ltr'>haec</span> <span class='ocrx_word' id='word_1_360' title='bbox 1730 2531 1825 2585; x_wconf 86' lang='lat' dir='ltr'>ipsa</span> 
     </span>
     <span class='ocr_line' id='line_1_36' title="bbox 127 2599 1823 2655; baseline 0.002 -16"><span class='ocrx_word' id='word_1_361' title='bbox 127 2612 209 2651; x_wconf 89' lang='lat' dir='ltr'>qua</span> <span class='ocrx_word' id='word_1_362' title='bbox 236 2599 401 2640; x_wconf 83' lang='lat' dir='ltr'>ratione</span> <span class='ocrx_word' id='word_1_363' title='bbox 429 2600 635 2654; x_wconf 83' lang='lat' dir='ltr'>explicari</span> <span class='ocrx_word' id='word_1_364' title='bbox 661 2599 847 2640; x_wconf 85' lang='lat' dir='ltr'>voluerit</span> <span class='ocrx_word' id='word_1_365' title='bbox 873 2599 1151 2655; x_wconf 90' lang='lat' dir='ltr'>intellegitur.</span> <span class='ocrx_word' id='word_1_366' title='bbox 1202 2615 1284 2655; x_wconf 92' lang='lat' dir='ltr'>quo</span> <span class='ocrx_word' id='word_1_367' title='bbox 1313 2601 1362 2641; x_wconf 89' lang='lat' dir='ltr'>fit</span> <span class='ocrx_word' id='word_1_368' title='bbox 1388 2603 1435 2641; x_wconf 89' lang='lat' dir='ltr'>ut</span> <span class='ocrx_word' id='word_1_369' title='bbox 1462 2600 1598 2641; x_wconf 85' lang='lat' dir='ltr'>multa</span> <span class='ocrx_word' id='word_1_370' title='bbox 1619 2600 1823 2655; x_wconf 74' lang='lat' dir='ltr'>Serviani,</span> 
     </span>
     <span class='ocr_line' id='line_1_37' title="bbox 127 2669 1822 2725; baseline 0.003 -16"><span class='ocrx_word' id='word_1_371' title='bbox 127 2669 295 2724; x_wconf 84' lang='lat' dir='ltr'>aliquot</span> <span class='ocrx_word' id='word_1_372' title='bbox 331 2671 537 2724; x_wconf 88' lang='lat' dir='ltr'>plenioris</span> <span class='ocrx_word' id='word_1_373' title='bbox 578 2671 873 2713; x_wconf 87' lang='lat' dir='ltr'>commentarii</span> <span class='ocrx_word' id='word_1_374' title='bbox 913 2670 1076 2712; x_wconf 84' lang='lat' dir='ltr'>scholia</span> <span class='ocrx_word' id='word_1_375' title='bbox 1115 2672 1166 2712; x_wconf 87' lang='lat' dir='ltr'>ad</span> <span class='ocrx_word' id='word_1_376' title='bbox 1200 2671 1417 2713; x_wconf 86' lang='lat' dir='ltr'>Donatum</span> <span class='ocrx_word' id='word_1_377' title='bbox 1456 2672 1606 2712; x_wconf 86' lang='lat' dir='ltr'>referri</span> <span class='ocrx_word' id='word_1_378' title='bbox 1644 2672 1822 2725; x_wconf 77' lang='lat' dir='ltr'>possint.</span> 
     </span>
     <span class='ocr_line' id='line_1_38' title="bbox 127 2739 1822 2796; baseline 0.002 -16"><span class='ocrx_word' id='word_1_379' title='bbox 127 2739 178 2781; x_wconf 91' lang='lat' dir='ltr'>de</span> <span class='ocrx_word' id='word_1_380' title='bbox 209 2739 296 2781; x_wconf 88' lang='lat' dir='ltr'>illis</span> <span class='ocrx_word' id='word_1_381' title='bbox 330 2740 442 2782; x_wconf 85' lang='lat' dir='ltr'>infra</span> <span class='ocrx_word' id='word_1_382' title='bbox 476 2741 626 2796; x_wconf 88' lang='lat' dir='ltr'>dicam,</span> <span class='ocrx_word' id='word_1_383' title='bbox 657 2741 873 2795; x_wconf 89' lang='lat' dir='ltr'>pleniores</span> <span class='ocrx_word' id='word_1_384' title='bbox 906 2741 1039 2783; x_wconf 88' lang='lat' dir='ltr'>libros</span> <span class='ocrx_word' id='word_1_385' title='bbox 1072 2741 1138 2782; x_wconf 87' lang='lat' dir='ltr'>his</span> <span class='ocrx_word' id='word_1_386' title='bbox 1173 2742 1278 2783; x_wconf 87' lang='lat' dir='ltr'>locis</span> <span class='ocrx_word' id='word_1_387' title='bbox 1312 2756 1405 2783; x_wconf 84' lang='lat' dir='ltr'>cum</span> <span class='ocrx_word' id='word_1_388' title='bbox 1426 2742 1585 2784; x_wconf 89' lang='lat' dir='ltr'>Donati</span> <span class='ocrx_word' id='word_1_389' title='bbox 1613 2756 1822 2784; x_wconf 80' lang='lat' dir='ltr'>cominen-</span> 
     </span>
    </p>
   </div>
   <div class='ocr_carea' id='block_1_3' title="bbox 123 2933 1819 3085">
    <p class='ocr_par' dir='ltr' id='par_1_4' title="bbox 123 2933 1819 3085">
     <span class='ocr_line' id='line_1_39' title="bbox 247 2933 1819 2979; baseline 0 -12"><span class='ocrx_word' id='word_1_390' title='bbox 247 2935 281 2976; x_wconf 89' lang='lat'>1)</span> <span class='ocrx_word' id='word_1_391' title='bbox 308 2934 406 2977; x_wconf 90' lang='lat' dir='ltr'>quod</span> <span class='ocrx_word' id='word_1_392' title='bbox 433 2934 479 2968; x_wconf 84' lang='lat' dir='ltr'>ad</span> <span class='ocrx_word' id='word_1_393' title='bbox 505 2934 602 2968; x_wconf 87' lang='lat' dir='ltr'>hunc</span> <span class='ocrx_word' id='word_1_394' title='bbox 628 2946 773 2969; x_wconf 86' lang='lat' dir='ltr'>versum</span> <span class='ocrx_word' id='word_1_395' title='bbox 800 2935 837 2969; x_wconf 86' lang='lat' dir='ltr'>in</span> <span class='ocrx_word' id='word_1_396' title='bbox 865 2934 1076 2970; x_wconf 85' lang='lat' dir='ltr'>Cassellano</span> <span class='ocrx_word' id='word_1_397' title='bbox 1102 2935 1329 2979; x_wconf 85' lang='lat' dir='ltr'>adscriptum</span> <span class='ocrx_word' id='word_1_398' title='bbox 1356 2935 1410 2968; x_wconf 88' lang='lat' dir='ltr'>est</span> <span class='ocrx_word' id='word_1_399' title='bbox 1437 2935 1490 2968; x_wconf 64' lang='lat' dir='ltr'>bis</span> <span class='ocrx_word' id='word_1_400' title='bbox 1514 2934 1606 2968; x_wconf 78' lang='lat' dir='ltr'>idem</span> <span class='ocrx_word' id='word_1_401' title='bbox 1631 2933 1669 2967; x_wconf 87' lang='lat' dir='ltr'>id</span> <span class='ocrx_word' id='word_1_402' title='bbox 1696 2933 1733 2967; x_wconf 88' lang='lat' dir='ltr'>in</span> <span class='ocrx_word' id='word_1_403' title='bbox 1759 2934 1819 2968; x_wconf 84' lang='lat' dir='ltr'>ad-</span> 
     </span>
     <span class='ocr_line' id='line_1_40' title="bbox 124 2985 1818 3032; baseline 0.001 -13"><span class='ocrx_word' id='word_1_404' title='bbox 124 2987 198 3020; x_wconf 88' lang='lat' dir='ltr'>not.</span> <span class='ocrx_word' id='word_1_405' title='bbox 226 2985 304 3021; x_wconf 84' lang='lat' dir='ltr'>erit.</span> <span class='ocrx_word' id='word_1_406' title='bbox 332 2987 397 3021; x_wconf 85' lang='lat' dir='ltr'>aut</span> <span class='ocrx_word' id='word_1_407' title='bbox 423 2986 469 3021; x_wconf 82' lang='lat' dir='ltr'>ad</span> <span class='ocrx_word' id='word_1_408' title='bbox 489 2999 521 3022; x_wconf 86' lang='lat' dir='ltr'>v.</span> <span class='ocrx_word' id='word_1_409' title='bbox 543 2991 587 3021; x_wconf 82' lang='lat'>23</span> <span class='ocrx_word' id='word_1_410' title='bbox 617 2987 765 3021; x_wconf 82' lang='lat' dir='ltr'>‘causae</span> <span class='ocrx_word' id='word_1_411' title='bbox 791 2987 929 3022; x_wconf 84' lang='lat' dir='ltr'>irarum</span> <span class='ocrx_word' id='word_1_412' title='bbox 955 2988 1127 3032; x_wconf 85' lang='lat' dir='ltr'>saevique</span> <span class='ocrx_word' id='word_1_413' title='bbox 1154 2987 1314 3022; x_wconf 76' lang='lat' dir='ltr'>dolores&#39;</span> <span class='ocrx_word' id='word_1_414' title='bbox 1344 2990 1409 3021; x_wconf 87' lang='lat' dir='ltr'>aut</span> <span class='ocrx_word' id='word_1_415' title='bbox 1435 2986 1481 3021; x_wconf 84' lang='lat' dir='ltr'>ad</span> <span class='ocrx_word' id='word_1_416' title='bbox 1508 2999 1539 3022; x_wconf 83' lang='lat' dir='ltr'>v.</span> <span class='ocrx_word' id='word_1_417' title='bbox 1556 2990 1598 3020; x_wconf 78' lang='lat'>27</span> <span class='ocrx_word' id='word_1_418' title='bbox 1629 2986 1818 3022; x_wconf 80' lang='lat' dir='ltr'>‘iudicium</span> 
     </span>
     <span class='ocr_line' id='line_1_41' title="bbox 123 3037 1818 3085; baseline 0.002 -13"><span class='ocrx_word' id='word_1_419' title='bbox 123 3037 266 3073; x_wconf 83' lang='lat' dir='ltr'>Paridis</span> <span class='ocrx_word' id='word_1_420' title='bbox 293 3040 513 3084; x_wconf 84' lang='lat' dir='ltr'>spretaeque</span> <span class='ocrx_word' id='word_1_421' title='bbox 540 3039 673 3074; x_wconf 81' lang='lat' dir='ltr'>iniuria</span> <span class='ocrx_word' id='word_1_422' title='bbox 698 3040 852 3075; x_wconf 85' lang='lat' dir='ltr'>formae’</span> <span class='ocrx_word' id='word_1_423' title='bbox 881 3041 1066 3085; x_wconf 85' lang='lat' dir='ltr'>pertinere</span> <span class='ocrx_word' id='word_1_424' title='bbox 1097 3040 1183 3074; x_wconf 83' lang='lat' dir='ltr'>dixi.</span> <span class='ocrx_word' id='word_1_425' title='bbox 1315 3040 1349 3083; x_wconf 72' lang='lat'>2)</span> <span class='ocrx_word' id='word_1_426' title='bbox 1390 3039 1453 3074; x_wconf 84' lang='lat' dir='ltr'>sed</span> <span class='ocrx_word' id='word_1_427' title='bbox 1480 3039 1523 3074; x_wconf 90' lang='lat' dir='ltr'>cf.</span> <span class='ocrx_word' id='word_1_428' title='bbox 1558 3040 1697 3074; x_wconf 85' lang='lat' dir='ltr'>Vsener</span> <span class='ocrx_word' id='word_1_429' title='bbox 1728 3052 1818 3075; x_wconf 81' lang='lat' dir='ltr'>mus.</span> 
     </span>
    </p>
   </div>
  </div>
 </body>
</html>
