<?xml version="1.0" encoding="UTF-8"?>
<!DOCTYPE html PUBLIC "-//W3C//DTD XHTML 1.0 Transitional//EN"
    "http://www.w3.org/TR/xhtml1/DTD/xhtml1-transitional.dtd">
<html xmlns="http://www.w3.org/1999/xhtml" xml:lang="en" lang="en">
 <head>
  <title>
</title>
<meta http-equiv="Content-Type" content="text/html;charset=utf-8" />
  <meta name='ocr-system' content='tesseract 3.04.00' />
  <meta name='ocr-capabilities' content='ocr_page ocr_carea ocr_par ocr_line ocrx_word'/>
</head>
<body>
  <div class='ocr_page' id='page_1' title='image "./invergiliicarmin01servuoft_0747.png"; bbox 0 0 2204 3437; ppageno 0'>
   <div class='ocr_carea' id='block_1_1' title="bbox 549 210 1800 250">
    <p class='ocr_par' dir='ltr' id='par_1_1' title="bbox 549 210 1800 250">
     <span class='ocr_line' id='line_1_1' title="bbox 549 210 1800 250; baseline 0 0"><span class='ocrx_word' id='word_1_1' title='bbox 549 215 696 250; x_wconf 84' lang='lat' dir='ltr'>COMM.</span> <span class='ocrx_word' id='word_1_2' title='bbox 723 214 774 248; x_wconf 87' lang='lat' dir='ltr'>IN</span> <span class='ocrx_word' id='word_1_3' title='bbox 799 212 940 248; x_wconf 81' lang='lat' dir='ltr'>VERG.</span> <span class='ocrx_word' id='word_1_4' title='bbox 967 212 1076 247; x_wconf 83' lang='lat' dir='ltr'>AEN.</span> <span class='ocrx_word' id='word_1_5' title='bbox 1103 212 1146 246; x_wconf 93' lang='lat' dir='ltr'>V.</span> <span class='ocrx_word' id='word_1_6' title='bbox 1175 215 1370 247; x_wconf 80' lang='lat'>690—721.</span> <span class='ocrx_word' id='word_1_7' title='bbox 1559 237 1565 242; x_wconf 87' lang='lat'>.</span> <span class='ocrx_word' id='word_1_8' title='bbox 1716 210 1800 250; x_wconf 82' lang='lat'>643</span> 
     </span>
    </p>
   </div>
   <div class='ocr_carea' id='block_1_2' title="bbox 114 318 1883 2007">
    <p class='ocr_par' dir='ltr' id='par_1_2' title="bbox 114 318 1802 450">
     <span class='ocr_line' id='line_1_2' title="bbox 115 318 1801 376; baseline -0.004 -9"><span class='ocrx_word' id='word_1_9' title='bbox 115 337 204 367; x_wconf 83' lang='lat' dir='ltr'>RET</span> <span class='ocrx_word' id='word_1_10' title='bbox 243 337 321 366; x_wconf 87' lang='lat' dir='ltr'>IRA</span> <span class='ocrx_word' id='word_1_11' title='bbox 358 336 519 366; x_wconf 81' lang='lat' dir='ltr'><strong>MAGNA</strong></span> <span class='ocrx_word' id='word_1_12' title='bbox 558 335 690 364; x_wconf 82' lang='lat' dir='ltr'><strong>DEVM</strong></span> <span class='ocrx_word' id='word_1_13' title='bbox 735 336 840 376; x_wconf 86' lang='lat' dir='ltr'>quae</span> <span class='ocrx_word' id='word_1_14' title='bbox 885 320 1272 375; x_wconf 85' lang='lat' dir='ltr'>praesignificabat.</span> <span class='ocrx_word' id='word_1_15' title='bbox 1336 319 1514 375; x_wconf 67' lang='lat' dir='ltr'>‘magna</span> <span class='ocrx_word' id='word_1_16' title='bbox 1552 320 1615 361; x_wconf 88' lang='lat' dir='ltr'>ira</span> <span class='ocrx_word' id='word_1_17' title='bbox 1656 318 1801 360; x_wconf 87' lang='lat' dir='ltr'>deum&#39;</span> 
     </span>
     <span class='ocr_line' id='line_1_3' title="bbox 114 389 1802 450; baseline -0.005 -12"><span class='ocrx_word' id='word_1_18' title='bbox 114 396 157 438; x_wconf 88' lang='lat' dir='ltr'>id</span> <span class='ocrx_word' id='word_1_19' title='bbox 190 399 255 438; x_wconf 88' lang='lat' dir='ltr'>est</span> <span class='ocrx_word' id='word_1_20' title='bbox 286 396 411 450; x_wconf 88' lang='lat' dir='ltr'>Iuno,</span> <span class='ocrx_word' id='word_1_21' title='bbox 442 399 490 436; x_wconf 88' lang='lat' dir='ltr'>ut</span> <span class='ocrx_word' id='word_1_22' title='bbox 521 399 563 436; x_wconf 92' lang='lat' dir='ltr'>et</span> <span class='ocrx_word' id='word_1_23' title='bbox 595 393 700 435; x_wconf 89' lang='lat' dir='ltr'>alibi</span> <span class='ocrx_word' id='word_1_24' title='bbox 731 392 843 445; x_wconf 84' lang='lat' dir='ltr'>&lt;VII</span> <span class='ocrx_word' id='word_1_25' title='bbox 866 392 979 445; x_wconf 76' lang='lat'>432&gt;</span> <span class='ocrx_word' id='word_1_26' title='bbox 1012 390 1294 432; x_wconf 89' lang='lat' dir='ltr'>caelestum</span> <span class='ocrx_word' id='word_1_27' title='bbox 1326 391 1402 431; x_wconf 89' lang='lat' dir='ltr'>vis</span> <span class='ocrx_word' id='word_1_28' title='bbox 1436 404 1617 445; x_wconf 81' lang='lat' dir='ltr'>magna</span> <span class='ocrx_word' id='word_1_29' title='bbox 1649 389 1802 431; x_wconf 88' lang='lat' dir='ltr'>iubet.</span> 
     </span>
    </p>

    <p class='ocr_par' dir='ltr' id='par_1_3' title="bbox 119 459 1802 589">
     <span class='ocr_line' id='line_1_4' title="bbox 235 459 1802 508; baseline -0.006 1"><span class='ocrx_word' id='word_1_30' title='bbox 235 468 330 508; x_wconf 80' lang='lat'>708.</span> <span class='ocrx_word' id='word_1_31' title='bbox 381 477 582 508; x_wconf 84' lang='lat' dir='ltr'>SOLATVS</span> <span class='ocrx_word' id='word_1_32' title='bbox 614 474 810 505; x_wconf 84' lang='lat' dir='ltr'>VOCIBVS</span> <span class='ocrx_word' id='word_1_33' title='bbox 842 474 966 503; x_wconf 79' lang='lat' dir='ltr'>INFIT</span> <span class='ocrx_word' id='word_1_34' title='bbox 999 463 1044 502; x_wconf 59' lang='lat' dir='ltr'>&lt;id</span> <span class='ocrx_word' id='word_1_35' title='bbox 1073 464 1130 502; x_wconf 71' lang='lat' dir='ltr'>est</span> <span class='ocrx_word' id='word_1_36' title='bbox 1161 461 1327 501; x_wconf 86' lang='lat' dir='ltr'>solatur</span> <span class='ocrx_word' id='word_1_37' title='bbox 1359 463 1400 502; x_wconf 91' lang='lat' dir='ltr'>et</span> <span class='ocrx_word' id='word_1_38' title='bbox 1433 461 1542 502; x_wconf 89' lang='lat' dir='ltr'>infit:</span> <span class='ocrx_word' id='word_1_39' title='bbox 1586 475 1684 502; x_wconf 88' lang='lat' dir='ltr'>nam</span> <span class='ocrx_word' id='word_1_40' title='bbox 1717 459 1802 501; x_wconf 70' lang='lat' dir='ltr'>eso-</span> 
     </span>
     <span class='ocr_line' id='line_1_5' title="bbox 119 531 1552 589; baseline -0.006 -9"><span class='ocrx_word' id='word_1_41' title='bbox 119 537 233 580; x_wconf 90' lang='lat' dir='ltr'>lans&#39;</span> <span class='ocrx_word' id='word_1_42' title='bbox 267 537 415 579; x_wconf 90' lang='lat' dir='ltr'>debuit</span> <span class='ocrx_word' id='word_1_43' title='bbox 447 536 603 589; x_wconf 91' lang='lat' dir='ltr'>dicere,</span> <span class='ocrx_word' id='word_1_44' title='bbox 635 535 746 576; x_wconf 91' lang='lat' dir='ltr'>sicut</span> <span class='ocrx_word' id='word_1_45' title='bbox 778 547 957 588; x_wconf 87' lang='lat' dir='ltr'>sequens</span> <span class='ocrx_word' id='word_1_46' title='bbox 991 532 1080 573; x_wconf 89' lang='lat' dir='ltr'>eius</span> <span class='ocrx_word' id='word_1_47' title='bbox 1114 531 1273 572; x_wconf 85' lang='lat' dir='ltr'>indicat</span> <span class='ocrx_word' id='word_1_48' title='bbox 1305 532 1552 573; x_wconf 87' lang='lat' dir='ltr'>consolatio.</span> 
     </span>
    </p>

    <p class='ocr_par' dir='ltr' id='par_1_4' title="bbox 116 601 1849 727">
     <span class='ocr_line' id='line_1_6' title="bbox 236 601 1849 657; baseline -0.005 -8"><span class='ocrx_word' id='word_1_49' title='bbox 236 609 330 649; x_wconf 85' lang='grc'><strong>710.</strong></span> <span class='ocrx_word' id='word_1_50' title='bbox 381 618 603 657; x_wconf 76' lang='lat' dir='ltr'>QVICQVID</span> <span class='ocrx_word' id='word_1_51' title='bbox 648 616 756 646; x_wconf 85' lang='lat' dir='ltr'><strong>ERIT</strong></span> <span class='ocrx_word' id='word_1_52' title='bbox 801 608 848 645; x_wconf 89' lang='lat' dir='ltr'>ut</span> <span class='ocrx_word' id='word_1_53' title='bbox 890 604 951 645; x_wconf 75' lang='lat' dir='ltr'>az‘t</span> <span class='ocrx_word' id='word_1_54' title='bbox 993 601 1069 656; x_wconf 85' lang='lat' dir='ltr'>&lt;II</span> <span class='ocrx_word' id='word_1_55' title='bbox 1103 601 1191 655; x_wconf 81' lang='lat'>77&gt;</span> <span class='ocrx_word' id='word_1_56' title='bbox 1236 601 1394 642; x_wconf 84' lang='lat' dir='ltr'>fuerit</span> <span class='ocrx_word' id='word_1_57' title='bbox 1442 602 1849 656; x_wconf 81' lang='lat' dir='ltr'>quodcumque,5</span> 
     </span>
     <span class='ocr_line' id='line_1_7' title="bbox 116 672 1805 727; baseline -0.005 -6"><span class='ocrx_word' id='word_1_58' title='bbox 116 679 331 721; x_wconf 85' lang='lat' dir='ltr'>fatebor.</span> <span class='ocrx_word' id='word_1_59' title='bbox 422 689 642 720; x_wconf 81' lang='lat' dir='ltr'><strong>FERENDO</strong></span> <span class='ocrx_word' id='word_1_60' title='bbox 670 688 752 719; x_wconf 86' lang='lat' dir='ltr'>EST</span> <span class='ocrx_word' id='word_1_61' title='bbox 785 676 885 717; x_wconf 90' lang='lat' dir='ltr'>dum</span> <span class='ocrx_word' id='word_1_62' title='bbox 916 674 1068 715; x_wconf 87' lang='lat' dir='ltr'>fertur:</span> <span class='ocrx_word' id='word_1_63' title='bbox 1102 673 1250 714; x_wconf 88' lang='lat' dir='ltr'>modus</span> <span class='ocrx_word' id='word_1_64' title='bbox 1279 673 1455 727; x_wconf 82' lang='lat' dir='ltr'>gerundi</span> <span class='ocrx_word' id='word_1_65' title='bbox 1482 675 1546 714; x_wconf 91' lang='lat' dir='ltr'>est</span> <span class='ocrx_word' id='word_1_66' title='bbox 1572 688 1596 714; x_wconf 89' lang='lat' dir='ltr'>a</span> <span class='ocrx_word' id='word_1_67' title='bbox 1622 672 1805 727; x_wconf 80' lang='lat' dir='ltr'>passivo.</span> 
     </span>
    </p>

    <p class='ocr_par' dir='ltr' id='par_1_5' title="bbox 118 743 1804 875">
     <span class='ocr_line' id='line_1_8' title="bbox 237 743 1804 791; baseline -0.005 0"><span class='ocrx_word' id='word_1_68' title='bbox 237 750 331 791; x_wconf 85' lang='lat'>711.</span> <span class='ocrx_word' id='word_1_69' title='bbox 381 760 465 791; x_wconf 86' lang='lat' dir='ltr'>EST</span> <span class='ocrx_word' id='word_1_70' title='bbox 500 761 594 789; x_wconf 86' lang='lat' dir='ltr'>TIBI</span> <span class='ocrx_word' id='word_1_71' title='bbox 627 748 710 789; x_wconf 82' lang='lat' dir='ltr'>iam</span> <span class='ocrx_word' id='word_1_72' title='bbox 743 747 824 788; x_wconf 86' lang='lat' dir='ltr'>hoc</span> <span class='ocrx_word' id='word_1_73' title='bbox 856 745 1078 787; x_wconf 86' lang='lat' dir='ltr'>consilium</span> <span class='ocrx_word' id='word_1_74' title='bbox 1115 746 1196 785; x_wconf 85' lang='lat' dir='ltr'>est:</span> <span class='ocrx_word' id='word_1_75' title='bbox 1228 744 1274 784; x_wconf 75' lang='lat' dir='ltr'>id</span> <span class='ocrx_word' id='word_1_76' title='bbox 1296 747 1352 784; x_wconf 78' lang='lat' dir='ltr'>est</span> <span class='ocrx_word' id='word_1_77' title='bbox 1382 743 1510 785; x_wconf 75' lang='lat' dir='ltr'>habes.</span> <span class='ocrx_word' id='word_1_78' title='bbox 1614 754 1804 784; x_wconf 74' lang='lat' dir='ltr'><strong>DlvaE</strong></span> 
     </span>
     <span class='ocr_line' id='line_1_9' title="bbox 118 814 1203 875; baseline -0.007 -12"><span class='ocrx_word' id='word_1_79' title='bbox 118 833 289 863; x_wconf 80' lang='lat' dir='ltr'>STIRPIS</span> <span class='ocrx_word' id='word_1_80' title='bbox 321 824 493 875; x_wconf 85' lang='lat' dir='ltr'>praeter</span> <span class='ocrx_word' id='word_1_81' title='bbox 524 819 773 860; x_wconf 80' lang='lat' dir='ltr'>Dardanum</span> <span class='ocrx_word' id='word_1_82' title='bbox 806 832 830 859; x_wconf 86' lang='lat' dir='ltr'>a</span> <span class='ocrx_word' id='word_1_83' title='bbox 862 815 1028 858; x_wconf 82' lang='lat' dir='ltr'>Criniso</span> <span class='ocrx_word' id='word_1_84' title='bbox 1061 814 1203 856; x_wconf 86' lang='lat' dir='ltr'>fluvio.</span> 
     </span>
    </p>

    <p class='ocr_par' dir='ltr' id='par_1_6' title="bbox 118 883 1876 1017">
     <span class='ocr_line' id='line_1_10' title="bbox 236 883 1807 938; baseline -0.005 -5"><span class='ocrx_word' id='word_1_85' title='bbox 236 892 331 933; x_wconf 75' lang='lat'>712.</span> <span class='ocrx_word' id='word_1_86' title='bbox 382 902 639 932; x_wconf 84' lang='lat' dir='ltr'><strong>VOLENTEM</strong></span> <span class='ocrx_word' id='word_1_87' title='bbox 671 890 923 931; x_wconf 85' lang='lat' dir='ltr'>voliturum:</span> <span class='ocrx_word' id='word_1_88' title='bbox 955 902 1054 928; x_wconf 89' lang='lat' dir='ltr'>nam</span> <span class='ocrx_word' id='word_1_89' title='bbox 1086 886 1196 927; x_wconf 81' lang='lat' dir='ltr'>velle</span> <span class='ocrx_word' id='word_1_90' title='bbox 1228 885 1371 926; x_wconf 85' lang='lat' dir='ltr'>habet.</span> <span class='ocrx_word' id='word_1_91' title='bbox 1482 886 1693 938; x_wconf 43' lang='lat' dir='ltr'>IJ&#39;OLENTEM]</span> <span class='ocrx_word' id='word_1_92' title='bbox 1727 883 1807 938; x_wconf 77' lang='lat' dir='ltr'>(vo-</span> 
     </span>
     <span class='ocr_line' id='line_1_11' title="bbox 118 960 1876 1017; baseline -0.007 -13"><span class='ocrx_word' id='word_1_93' title='bbox 118 964 314 1005; x_wconf 76' lang='lat' dir='ltr'>liturum:</span> <span class='ocrx_word' id='word_1_94' title='bbox 344 960 462 1017; x_wconf 79' lang='lat' dir='ltr'>nam)</span> <span class='ocrx_word' id='word_1_95' title='bbox 494 974 578 1002; x_wconf 91' lang='lat' dir='ltr'>non</span> <span class='ocrx_word' id='word_1_96' title='bbox 607 961 694 1002; x_wconf 76' lang='lat' dir='ltr'>iam</span> <span class='ocrx_word' id='word_1_97' title='bbox 725 960 822 1001; x_wconf 71' lang='lat' dir='ltr'>vult.</span> <span class='ocrx_word' id='word_1_98' title='bbox 1835 962 1876 992; x_wconf 91' lang='lat'>10</span> 
     </span>
    </p>

    <p class='ocr_par' dir='ltr' id='par_1_7' title="bbox 117 1026 1808 1299">
     <span class='ocr_line' id='line_1_12' title="bbox 239 1026 1807 1085; baseline -0.006 -11"><span class='ocrx_word' id='word_1_99' title='bbox 239 1033 332 1074; x_wconf 81' lang='lat'>713.</span> <span class='ocrx_word' id='word_1_100' title='bbox 385 1043 625 1074; x_wconf 82' lang='lat' dir='ltr'>SVPERANT</span> <span class='ocrx_word' id='word_1_101' title='bbox 659 1033 907 1085; x_wconf 87' lang='lat' dir='ltr'>supersunt,</span> <span class='ocrx_word' id='word_1_102' title='bbox 949 1028 1227 1083; x_wconf 86' lang='lat' dir='ltr'>superfluunt.</span> <span class='ocrx_word' id='word_1_103' title='bbox 1290 1026 1391 1067; x_wconf 90' lang='lat' dir='ltr'>dicit</span> <span class='ocrx_word' id='word_1_104' title='bbox 1424 1029 1565 1067; x_wconf 88' lang='lat' dir='ltr'>autem</span> <span class='ocrx_word' id='word_1_105' title='bbox 1597 1040 1683 1067; x_wconf 91' lang='lat' dir='ltr'>non</span> <span class='ocrx_word' id='word_1_106' title='bbox 1715 1029 1807 1066; x_wconf 87' lang='lat' dir='ltr'>tan-</span> 
     </span>
     <span class='ocr_line' id='line_1_13' title="bbox 117 1095 1807 1156; baseline -0.005 -11"><span class='ocrx_word' id='word_1_107' title='bbox 117 1106 210 1145; x_wconf 89' lang='lat' dir='ltr'>tum</span> <span class='ocrx_word' id='word_1_108' title='bbox 243 1103 421 1156; x_wconf 80' lang='lat' dir='ltr'>debiles,</span> <span class='ocrx_word' id='word_1_109' title='bbox 454 1103 527 1144; x_wconf 91' lang='lat' dir='ltr'>sed</span> <span class='ocrx_word' id='word_1_110' title='bbox 561 1096 691 1143; x_wconf 87' lang='lat' dir='ltr'>etiam</span> <span class='ocrx_word' id='word_1_111' title='bbox 724 1101 915 1142; x_wconf 76' lang='lat' dir='ltr'>nolentes</span> <span class='ocrx_word' id='word_1_112' title='bbox 948 1099 1143 1140; x_wconf 87' lang='lat' dir='ltr'>iuvenes:</span> <span class='ocrx_word' id='word_1_113' title='bbox 1175 1098 1286 1139; x_wconf 89' lang='lat' dir='ltr'>unde</span> <span class='ocrx_word' id='word_1_114' title='bbox 1319 1097 1510 1150; x_wconf 87' lang='lat' dir='ltr'>sequitur</span> <span class='ocrx_word' id='word_1_115' title='bbox 1543 1095 1807 1150; x_wconf 70' lang='lat' dir='ltr'>‘longaevos-</span> 
     </span>
     <span class='ocr_line' id='line_1_14' title="bbox 121 1166 1808 1229; baseline -0.006 -13"><span class='ocrx_word' id='word_1_116' title='bbox 121 1190 200 1229; x_wconf 88' lang='lat' dir='ltr'>que</span> <span class='ocrx_word' id='word_1_117' title='bbox 222 1173 375 1216; x_wconf 87' lang='lat' dir='ltr'>senes&#39;:</span> <span class='ocrx_word' id='word_1_118' title='bbox 407 1188 485 1214; x_wconf 90' lang='lat' dir='ltr'>nec</span> <span class='ocrx_word' id='word_1_119' title='bbox 510 1173 622 1214; x_wconf 90' lang='lat' dir='ltr'>enim</span> <span class='ocrx_word' id='word_1_120' title='bbox 649 1172 821 1214; x_wconf 75' lang='lat' dir='ltr'>adderet</span> <span class='ocrx_word' id='word_1_121' title='bbox 848 1169 972 1224; x_wconf 65' lang='lat' dir='ltr'>³que’,</span> <span class='ocrx_word' id='word_1_122' title='bbox 1003 1170 1087 1211; x_wconf 90' lang='lat' dir='ltr'>nisi</span> <span class='ocrx_word' id='word_1_123' title='bbox 1121 1184 1250 1223; x_wconf 87' lang='lat' dir='ltr'>supra</span> <span class='ocrx_word' id='word_1_124' title='bbox 1276 1169 1448 1209; x_wconf 81' lang='lat' dir='ltr'>iuvenes</span> <span class='ocrx_word' id='word_1_125' title='bbox 1475 1166 1663 1208; x_wconf 74' lang='lat' dir='ltr'>dixisset.</span> <span class='ocrx_word' id='word_1_126' title='bbox 1707 1167 1808 1207; x_wconf 92' lang='lat' dir='ltr'>item</span> 
     </span>
     <span class='ocr_line' id='line_1_15' title="bbox 120 1237 1738 1299; baseline -0.006 -12"><span class='ocrx_word' id='word_1_127' title='bbox 120 1245 358 1299; x_wconf 83' lang='lat' dir='ltr'>expressius</span> <span class='ocrx_word' id='word_1_128' title='bbox 393 1243 451 1285; x_wconf 66' lang='lat' dir='ltr'>‘et</span> <span class='ocrx_word' id='word_1_129' title='bbox 484 1243 683 1299; x_wconf 87' lang='lat' dir='ltr'>quicquid</span> <span class='ocrx_word' id='word_1_130' title='bbox 714 1245 855 1283; x_wconf 87' lang='lat' dir='ltr'>tecum</span> <span class='ocrx_word' id='word_1_131' title='bbox 887 1240 1123 1282; x_wconf 88' lang='lat' dir='ltr'>invalidum</span> <span class='ocrx_word' id='word_1_132' title='bbox 1157 1243 1433 1293; x_wconf 81' lang='lat' dir='ltr'>metuensque</span> <span class='ocrx_word' id='word_1_133' title='bbox 1467 1238 1615 1292; x_wconf 89' lang='lat' dir='ltr'>pericli</span> <span class='ocrx_word' id='word_1_134' title='bbox 1648 1237 1738 1279; x_wconf 85' lang='lat' dir='ltr'>est&#39;.</span> 
     </span>
    </p>

    <p class='ocr_par' dir='ltr' id='par_1_8' title="bbox 120 1309 1880 1438">
     <span class='ocr_line' id='line_1_16' title="bbox 239 1309 1880 1364; baseline -0.006 -8"><span class='ocrx_word' id='word_1_135' title='bbox 239 1316 334 1356; x_wconf 80' lang='lat'>714.</span> <span class='ocrx_word' id='word_1_136' title='bbox 384 1325 658 1356; x_wconf 84' lang='lat' dir='ltr'>PERTAESVM</span> <span class='ocrx_word' id='word_1_137' title='bbox 702 1324 852 1354; x_wconf 79' lang='lat' dir='ltr'>MAGNI</span> <span class='ocrx_word' id='word_1_138' title='bbox 898 1323 1082 1354; x_wconf 80' lang='lat' dir='ltr'>INCEPTI</span> <span class='ocrx_word' id='word_1_139' title='bbox 1130 1313 1174 1352; x_wconf 87' lang='lat' dir='ltr'>ut</span> <span class='ocrx_word' id='word_1_140' title='bbox 1219 1309 1307 1363; x_wconf 83' lang='lat' dir='ltr'>&lt;IV</span> <span class='ocrx_word' id='word_1_141' title='bbox 1352 1311 1431 1364; x_wconf 81' lang='lat'>18&gt;</span> <span class='ocrx_word' id='word_1_142' title='bbox 1477 1309 1518 1350; x_wconf 86' lang='lat' dir='ltr'>si</span> <span class='ocrx_word' id='word_1_143' title='bbox 1561 1323 1659 1349; x_wconf 87' lang='lat' dir='ltr'>non</span> <span class='ocrx_word' id='word_1_144' title='bbox 1702 1323 1810 1362; x_wconf 85' lang='lat' dir='ltr'>per·</span> <span class='ocrx_word' id='word_1_145' title='bbox 1842 1317 1880 1345; x_wconf 82' lang='lat'>15</span> 
     </span>
     <span class='ocr_line' id='line_1_17' title="bbox 120 1383 1110 1438; baseline -0.005 -10"><span class='ocrx_word' id='word_1_146' title='bbox 120 1390 319 1429; x_wconf 89' lang='lat' dir='ltr'>taesum</span> <span class='ocrx_word' id='word_1_147' title='bbox 351 1385 569 1428; x_wconf 87' lang='lat' dir='ltr'>thalami</span> <span class='ocrx_word' id='word_1_148' title='bbox 600 1384 880 1438; x_wconf 71' lang='lat' dir='ltr'>taedaeque</span> <span class='ocrx_word' id='word_1_149' title='bbox 912 1383 1110 1424; x_wconf 84' lang='lat' dir='ltr'>fuisset.</span> 
     </span>
    </p>

    <p class='ocr_par' dir='ltr' id='par_1_9' title="bbox 122 1449 1814 1584">
     <span class='ocr_line' id='line_1_18' title="bbox 241 1449 1814 1499; baseline -0.006 0"><span class='ocrx_word' id='word_1_150' title='bbox 241 1459 335 1499; x_wconf 83' lang='grc'><strong>718.</strong></span> <span class='ocrx_word' id='word_1_151' title='bbox 384 1467 606 1498; x_wconf 83' lang='lat' dir='ltr'>PERMISSO</span> <span class='ocrx_word' id='word_1_152' title='bbox 635 1467 814 1497; x_wconf 86' lang='lat' dir='ltr'>NOMINE</span> <span class='ocrx_word' id='word_1_153' title='bbox 848 1455 901 1496; x_wconf 87' lang='lat' dir='ltr'>ab</span> <span class='ocrx_word' id='word_1_154' title='bbox 930 1454 1084 1495; x_wconf 82' lang='lat' dir='ltr'>Aceste</span> <span class='ocrx_word' id='word_1_155' title='bbox 1118 1453 1292 1494; x_wconf 90' lang='lat' dir='ltr'>scilicet.</span> <span class='ocrx_word' id='word_1_156' title='bbox 1343 1452 1456 1493; x_wconf 87' lang='lat' dir='ltr'>dicta</span> <span class='ocrx_word' id='word_1_157' title='bbox 1488 1453 1628 1492; x_wconf 85' lang='lat' dir='ltr'>autem</span> <span class='ocrx_word' id='word_1_158' title='bbox 1657 1449 1814 1490; x_wconf 82' lang='lat' dir='ltr'>Acesta</span> 
     </span>
     <span class='ocr_line' id='line_1_19' title="bbox 122 1528 310 1584; baseline -0.005 -13"><span class='ocrx_word' id='word_1_159' title='bbox 122 1528 310 1584; x_wconf 79' lang='lat' dir='ltr'>Segesta.</span> 
     </span>
    </p>

    <p class='ocr_par' dir='ltr' id='par_1_10' title="bbox 121 1594 1883 1783">
     <span class='ocr_line' id='line_1_20' title="bbox 240 1594 1812 1650; baseline -0.006 -10"><span class='ocrx_word' id='word_1_160' title='bbox 240 1600 335 1640; x_wconf 75' lang='lat'>720.</span> <span class='ocrx_word' id='word_1_161' title='bbox 386 1611 480 1639; x_wconf 87' lang='lat' dir='ltr'>TVM</span> <span class='ocrx_word' id='word_1_162' title='bbox 502 1609 624 1640; x_wconf 81' lang='lat' dir='ltr'>VERO</span> <span class='ocrx_word' id='word_1_163' title='bbox 657 1613 756 1638; x_wconf 84' lang='lat' dir='ltr'>nam</span> <span class='ocrx_word' id='word_1_164' title='bbox 790 1600 832 1638; x_wconf 90' lang='lat' dir='ltr'>et</span> <span class='ocrx_word' id='word_1_165' title='bbox 858 1599 956 1638; x_wconf 88' lang='lat' dir='ltr'>ante</span> <span class='ocrx_word' id='word_1_166' title='bbox 982 1611 1029 1637; x_wconf 76' lang='lat' dir='ltr'>ea</span> <span class='ocrx_word' id='word_1_167' title='bbox 1055 1595 1338 1650; x_wconf 73' lang='lat' dir='ltr'>cogitaverat,</span> <span class='ocrx_word' id='word_1_168' title='bbox 1372 1597 1417 1635; x_wconf 92' lang='lat' dir='ltr'>ut</span> <span class='ocrx_word' id='word_1_169' title='bbox 1442 1594 1582 1646; x_wconf 80' lang='lat'>&lt;701&gt;</span> <span class='ocrx_word' id='word_1_170' title='bbox 1611 1595 1812 1646; x_wconf 86' lang='lat' dir='ltr'>pectore</span> 
     </span>
     <span class='ocr_line' id='line_1_21' title="bbox 121 1665 1883 1719; baseline -0.006 -7"><span class='ocrx_word' id='word_1_171' title='bbox 121 1686 266 1712; x_wconf 82' lang='lat' dir='ltr'>curas</span> <span class='ocrx_word' id='word_1_172' title='bbox 299 1670 531 1711; x_wconf 86' lang='lat' dir='ltr'>mutabat</span> <span class='ocrx_word' id='word_1_173' title='bbox 562 1683 783 1711; x_wconf 83' lang='lat' dir='ltr'>versans.</span> <span class='ocrx_word' id='word_1_174' title='bbox 893 1679 1076 1709; x_wconf 82' lang='lat' dir='ltr'>ANIMVM</span> <span class='ocrx_word' id='word_1_175' title='bbox 1103 1678 1357 1708; x_wconf 83' lang='lat' dir='ltr'>DIDVCITVR</span> <span class='ocrx_word' id='word_1_176' title='bbox 1384 1665 1548 1705; x_wconf 81' lang='lat' dir='ltr'>Graeca</span> <span class='ocrx_word' id='word_1_177' title='bbox 1581 1665 1733 1719; x_wconf 77' lang='lat' dir='ltr'>figura,</span> <span class='ocrx_word' id='word_1_178' title='bbox 1767 1665 1812 1703; x_wconf 88' lang='lat' dir='ltr'>ut</span> <span class='ocrx_word' id='word_1_179' title='bbox 1839 1670 1883 1700; x_wconf 76' lang='lat'>20</span> 
     </span>
     <span class='ocr_line' id='line_1_22' title="bbox 122 1740 526 1783; baseline -0.002 0"><span class='ocrx_word' id='word_1_180' title='bbox 122 1741 325 1783; x_wconf 73' lang='lat' dir='ltr'>ementem</span> <span class='ocrx_word' id='word_1_181' title='bbox 357 1740 526 1782; x_wconf 83' lang='lat' dir='ltr'>laesus’.</span> 
     </span>
    </p>

    <p class='ocr_par' dir='ltr' id='par_1_11' title="bbox 124 1806 1815 2007">
     <span class='ocr_line' id='line_1_23' title="bbox 242 1806 1815 1868; baseline -0.006 -14"><span class='ocrx_word' id='word_1_182' title='bbox 242 1814 337 1854; x_wconf 80' lang='lat'>721.</span> <span class='ocrx_word' id='word_1_183' title='bbox 388 1825 445 1854; x_wconf 90' lang='grc' dir='ltr'>ΕΤ</span> <span class='ocrx_word' id='word_1_184' title='bbox 477 1824 572 1854; x_wconf 75' lang='lat' dir='ltr'>Nox</span> <span class='ocrx_word' id='word_1_185' title='bbox 605 1823 726 1868; x_wconf 75' lang='lat' dir='ltr'><strong>ATRA</strong></span> <span class='ocrx_word' id='word_1_186' title='bbox 759 1823 914 1853; x_wconf 83' lang='lat' dir='ltr'><strong>POLVM</strong></span> <span class='ocrx_word' id='word_1_187' title='bbox 954 1809 1075 1864; x_wconf 85' lang='lat' dir='ltr'>quasi</span> <span class='ocrx_word' id='word_1_188' title='bbox 1109 1809 1246 1850; x_wconf 85' lang='lat' dir='ltr'>maior</span> <span class='ocrx_word' id='word_1_189' title='bbox 1279 1822 1407 1849; x_wconf 85' lang='lat' dir='ltr'>causa</span> <span class='ocrx_word' id='word_1_190' title='bbox 1439 1806 1730 1861; x_wconf 82' lang='lat' dir='ltr'>cogitationis,</span> <span class='ocrx_word' id='word_1_191' title='bbox 1770 1808 1815 1846; x_wconf 87' lang='lat' dir='ltr'>ut</span> 
     </span>
     <span class='ocr_line' id='line_1_24' title="bbox 124 1878 1813 1939; baseline -0.006 -12"><span class='ocrx_word' id='word_1_192' title='bbox 124 1886 172 1939; x_wconf 86' lang='lat' dir='ltr'>&lt;I</span> <span class='ocrx_word' id='word_1_193' title='bbox 205 1884 319 1938; x_wconf 79' lang='lat'>662&gt;</span> <span class='ocrx_word' id='word_1_194' title='bbox 353 1886 404 1925; x_wconf 93' lang='lat' dir='ltr'>et</span> <span class='ocrx_word' id='word_1_195' title='bbox 436 1884 524 1925; x_wconf 91' lang='lat' dir='ltr'>sub</span> <span class='ocrx_word' id='word_1_196' title='bbox 559 1885 759 1924; x_wconf 87' lang='lat' dir='ltr'>noctem</span> <span class='ocrx_word' id='word_1_197' title='bbox 799 1897 917 1923; x_wconf 85' lang='lat' dir='ltr'>cura</span> <span class='ocrx_word' id='word_1_198' title='bbox 955 1882 1196 1922; x_wconf 83' lang='lat' dir='ltr'>recursat.</span> <span class='ocrx_word' id='word_1_199' title='bbox 1320 1890 1438 1920; x_wconf 84' lang='lat' dir='ltr'>BIGIS</span> <span class='ocrx_word' id='word_1_200' title='bbox 1471 1878 1643 1932; x_wconf 85' lang='lat' dir='ltr'>proprie</span> <span class='ocrx_word' id='word_1_201' title='bbox 1676 1878 1813 1918; x_wconf 82' lang='lat' dir='ltr'>modo:</span> 
     </span>
     <span class='ocr_line' id='line_1_25' title="bbox 125 1952 1369 2007; baseline -0.005 -10"><span class='ocrx_word' id='word_1_202' title='bbox 125 1971 224 1998; x_wconf 83' lang='lat' dir='ltr'>nam</span> <span class='ocrx_word' id='word_1_203' title='bbox 254 1955 473 2007; x_wconf 72' lang='lat' dir='ltr'>rorifera</span> <span class='ocrx_word' id='word_1_204' title='bbox 504 1957 794 1996; x_wconf 74' lang='lat' dir='ltr'>tenuaverat</span> <span class='ocrx_word' id='word_1_205' title='bbox 823 1957 941 1994; x_wconf 78' lang='lat' dir='ltr'>a&#39;e&#39;ra</span> <span class='ocrx_word' id='word_1_206' title='bbox 971 1953 1082 2006; x_wconf 62' lang='grc' dir='ltr'><strong><em>θέρει</em></strong></span> <span class='ocrx_word' id='word_1_207' title='bbox 1111 1952 1272 1993; x_wconf 65' lang='lat' dir='ltr'>abusive</span> <span class='ocrx_word' id='word_1_208' title='bbox 1303 1954 1369 1992; x_wconf 74' lang='lat' dir='ltr'>est.</span> 
     </span>
    </p>
   </div>
   <div class='ocr_carea' id='block_1_3' title="bbox 125 2064 1817 2211">
    <p class='ocr_par' dir='ltr' id='par_1_12' title="bbox 125 2064 1817 2211">
     <span class='ocr_line' id='line_1_26' title="bbox 220 2064 1815 2116; baseline -0.006 -9"><span class='ocrx_word' id='word_1_209' title='bbox 220 2076 259 2107; x_wconf 93' lang='lat'>11</span> <span class='ocrx_word' id='word_1_210' title='bbox 291 2071 504 2116; x_wconf 75' lang='lat' dir='ltr'>‘Superant’</span> <span class='ocrx_word' id='word_1_211' title='bbox 534 2072 728 2115; x_wconf 87' lang='lat' dir='ltr'>supersunt</span> <span class='ocrx_word' id='word_1_212' title='bbox 753 2069 996 2115; x_wconf 88' lang='lat' dir='ltr'>superfluunt]</span> <span class='ocrx_word' id='word_1_213' title='bbox 1025 2069 1068 2103; x_wconf 89' lang='lat' dir='ltr'>cf.</span> <span class='ocrx_word' id='word_1_214' title='bbox 1097 2068 1189 2102; x_wconf 86' lang='lat' dir='ltr'>Gell.</span> <span class='ocrx_word' id='word_1_215' title='bbox 1218 2068 1311 2102; x_wconf 86' lang='lat' dir='ltr'>noct.</span> <span class='ocrx_word' id='word_1_216' title='bbox 1340 2065 1415 2100; x_wconf 86' lang='lat' dir='ltr'>Att.</span> <span class='ocrx_word' id='word_1_217' title='bbox 1443 2066 1458 2098; x_wconf 95' lang='lat' dir='ltr'>I</span> <span class='ocrx_word' id='word_1_218' title='bbox 1485 2070 1528 2099; x_wconf 82' lang='lat'>22</span> <span class='ocrx_word' id='word_1_219' title='bbox 1555 2066 1567 2109; x_wconf 82' lang='grc'>11</span> <span class='ocrx_word' id='word_1_220' title='bbox 1599 2069 1642 2099; x_wconf 88' lang='grc'>23</span> <span class='ocrx_word' id='word_1_221' title='bbox 1670 2064 1815 2107; x_wconf 79' lang='lat' dir='ltr'>proprie</span> 
     </span>
     <span class='ocr_line' id='line_1_27' title="bbox 125 2111 1817 2162; baseline -0.006 -8"><span class='ocrx_word' id='word_1_222' title='bbox 125 2148 132 2154; x_wconf 92' lang='lat'>.</span> <span class='ocrx_word' id='word_1_223' title='bbox 161 2150 167 2156; x_wconf 97' lang='lat'>.</span> <span class='ocrx_word' id='word_1_224' title='bbox 197 2148 202 2154; x_wconf 99' lang='lat'>.</span> <span class='ocrx_word' id='word_1_225' title='bbox 236 2119 387 2154; x_wconf 85' lang='lat' dir='ltr'>abusive</span> <span class='ocrx_word' id='word_1_226' title='bbox 420 2119 490 2162; x_wconf 88' lang='lat' dir='ltr'>est]</span> <span class='ocrx_word' id='word_1_227' title='bbox 523 2118 567 2152; x_wconf 89' lang='lat' dir='ltr'>cf.</span> <span class='ocrx_word' id='word_1_228' title='bbox 596 2118 694 2152; x_wconf 84' lang='lat' dir='ltr'>Serv.</span> <span class='ocrx_word' id='word_1_229' title='bbox 728 2117 774 2151; x_wconf 87' lang='lat' dir='ltr'>ad</span> <span class='ocrx_word' id='word_1_230' title='bbox 800 2118 889 2151; x_wconf 88' lang='lat' dir='ltr'>Aen.</span> <span class='ocrx_word' id='word_1_231' title='bbox 917 2117 949 2150; x_wconf 90' lang='lat' dir='ltr'>II</span> <span class='ocrx_word' id='word_1_232' title='bbox 977 2121 1042 2151; x_wconf 79' lang='grc'>272</span> <span class='ocrx_word' id='word_1_233' title='bbox 1071 2117 1108 2149; x_wconf 85' lang='lat' dir='ltr'>et</span> <span class='ocrx_word' id='word_1_234' title='bbox 1132 2114 1301 2159; x_wconf 89' lang='lat' dir='ltr'>Pompeii</span> <span class='ocrx_word' id='word_1_235' title='bbox 1337 2125 1464 2148; x_wconf 87' lang='lat' dir='ltr'>comm.</span> <span class='ocrx_word' id='word_1_236' title='bbox 1499 2125 1532 2157; x_wconf 89' lang='lat' dir='ltr'>p.</span> <span class='ocrx_word' id='word_1_237' title='bbox 1563 2116 1639 2155; x_wconf 77' lang='lat'>167,</span> <span class='ocrx_word' id='word_1_238' title='bbox 1666 2116 1710 2145; x_wconf 89' lang='grc'>20</span> <span class='ocrx_word' id='word_1_239' title='bbox 1737 2111 1777 2145; x_wconf 89' lang='grc' dir='ltr'>Κ.</span> <span class='ocrx_word' id='word_1_240' title='bbox 1806 2111 1817 2153; x_wconf 62' lang='lat'>¹]</span> 
     </span>
     <span class='ocr_line' id='line_1_28' title="bbox 126 2165 766 2211; baseline -0.006 -9"><span class='ocrx_word' id='word_1_241' title='bbox 126 2172 172 2202; x_wconf 85' lang='lat'>24</span> <span class='ocrx_word' id='word_1_242' title='bbox 197 2166 366 2211; x_wconf 84' lang='lat' dir='ltr'>rorifera]</span> <span class='ocrx_word' id='word_1_243' title='bbox 396 2166 487 2200; x_wconf 84' lang='lat' dir='ltr'>Stat.</span> <span class='ocrx_word' id='word_1_244' title='bbox 516 2165 629 2199; x_wconf 90' lang='lat' dir='ltr'>Theb.</span> <span class='ocrx_word' id='word_1_245' title='bbox 658 2165 672 2198; x_wconf 93' lang='lat' dir='ltr'>I</span> <span class='ocrx_word' id='word_1_246' title='bbox 699 2169 766 2199; x_wconf 84' lang='lat'>338</span> 
     </span>
    </p>
   </div>
   <div class='ocr_carea' id='block_1_4' title="bbox 128 2242 244 2246">
    <p class='ocr_par' dir='ltr' id='par_1_13' title="bbox 128 2242 244 2246">
     <span class='ocr_line' id='line_1_29' title="bbox 128 2242 244 2246; baseline 0 0"><span class='ocrx_word' id='word_1_247' title='bbox 128 2242 244 2246; x_wconf 95' lang='lat' dir='ltr'> </span> 
     </span>
    </p>
   </div>
   <div class='ocr_carea' id='block_1_5' title="bbox 126 2264 1820 2740">
    <p class='ocr_par' dir='ltr' id='par_1_14' title="bbox 126 2264 1820 2740">
     <span class='ocr_line' id='line_1_30' title="bbox 222 2264 1817 2318; baseline -0.006 -11"><span class='ocrx_word' id='word_1_248' title='bbox 222 2278 239 2308; x_wconf 93' lang='lat'>1</span> <span class='ocrx_word' id='word_1_249' title='bbox 267 2271 618 2318; x_wconf 81' lang='lat' dir='ltr'>praesignificabant</span> <span class='ocrx_word' id='word_1_250' title='bbox 643 2271 741 2313; x_wconf 89' lang='lat' dir='ltr'>LH,</span> <span class='ocrx_word' id='word_1_251' title='bbox 768 2282 857 2305; x_wconf 72' lang='lat' dir='ltr'>corr.</span> <span class='ocrx_word' id='word_1_252' title='bbox 885 2271 927 2314; x_wconf 86' lang='grc' dir='ltr'>ΖΙΙ</span> <span class='ocrx_word' id='word_1_253' title='bbox 951 2275 971 2303; x_wconf 83' lang='grc'>2</span> <span class='ocrx_word' id='word_1_254' title='bbox 998 2271 1040 2304; x_wconf 89' lang='lat' dir='ltr'>ut</span> <span class='ocrx_word' id='word_1_255' title='bbox 1065 2271 1103 2304; x_wconf 83' lang='lat' dir='ltr'>et</span> <span class='ocrx_word' id='word_1_256' title='bbox 1130 2270 1194 2303; x_wconf 82' lang='lat' dir='ltr'>M:</span> <span class='ocrx_word' id='word_1_257' title='bbox 1221 2269 1262 2303; x_wconf 85' lang='lat' dir='ltr'>ut</span> <span class='ocrx_word' id='word_1_258' title='bbox 1287 2268 1372 2302; x_wconf 78' lang='lat' dir='ltr'>FN</span> <span class='ocrx_word' id='word_1_259' title='bbox 1408 2268 1445 2301; x_wconf 84' lang='lat' dir='ltr'>et</span> <span class='ocrx_word' id='word_1_260' title='bbox 1470 2266 1554 2300; x_wconf 80' lang='lat' dir='ltr'>LH</span> <span class='ocrx_word' id='word_1_261' title='bbox 1569 2267 1581 2310; x_wconf 86' lang='grc' dir='ltr'>ΙΙ</span> <span class='ocrx_word' id='word_1_262' title='bbox 1607 2265 1724 2310; x_wconf 90' lang='lat' dir='ltr'>iubet]</span> <span class='ocrx_word' id='word_1_263' title='bbox 1751 2264 1817 2298; x_wconf 85' lang='lat' dir='ltr'>iuli</span> 
     </span>
     <span class='ocr_line' id='line_1_31' title="bbox 126 2312 1817 2366; baseline -0.007 -10"><span class='ocrx_word' id='word_1_264' title='bbox 126 2321 165 2356; x_wconf 89' lang='lat' dir='ltr'><em>F</em></span> <span class='ocrx_word' id='word_1_265' title='bbox 180 2323 193 2366; x_wconf 78' lang='grc' dir='ltr'>ΙΙ</span> <span class='ocrx_word' id='word_1_266' title='bbox 212 2325 233 2355; x_wconf 88' lang='grc'>4</span> <span class='ocrx_word' id='word_1_267' title='bbox 258 2320 395 2365; x_wconf 80' lang='lat' dir='ltr'>dicere]</span> <span class='ocrx_word' id='word_1_268' title='bbox 424 2330 559 2363; x_wconf 87' lang='lat' dir='ltr'>ponere</span> <span class='ocrx_word' id='word_1_269' title='bbox 588 2318 627 2352; x_wconf 88' lang='lat' dir='ltr'><em>F</em></span> <span class='ocrx_word' id='word_1_270' title='bbox 642 2319 653 2363; x_wconf 87' lang='grc' dir='ltr'>ΙΙ</span> <span class='ocrx_word' id='word_1_271' title='bbox 674 2321 694 2352; x_wconf 84' lang='grc'>5</span> <span class='ocrx_word' id='word_1_272' title='bbox 719 2331 891 2358; x_wconf 70' lang='lat' dir='ltr'>vaqvm</span> <span class='ocrx_word' id='word_1_273' title='bbox 918 2330 1007 2352; x_wconf 76' lang='lat' dir='ltr'><strong>ERAT</strong></span> <span class='ocrx_word' id='word_1_274' title='bbox 1034 2317 1072 2351; x_wconf 90' lang='lat' dir='ltr'><em>F</em></span> <span class='ocrx_word' id='word_1_275' title='bbox 1088 2320 1099 2361; x_wconf 79' lang='grc' dir='ltr'>ιΙ</span> <span class='ocrx_word' id='word_1_276' title='bbox 1119 2317 1173 2361; x_wconf 86' lang='lat' dir='ltr'>ut]</span> <span class='ocrx_word' id='word_1_277' title='bbox 1202 2316 1256 2351; x_wconf 87' lang='lat' dir='ltr'>ait</span> <span class='ocrx_word' id='word_1_278' title='bbox 1280 2316 1322 2349; x_wconf 76' lang='lat' dir='ltr'><em>N</em></span> <span class='ocrx_word' id='word_1_279' title='bbox 1337 2316 1349 2359; x_wconf 80' lang='grc' dir='ltr'>ΙΙ</span> <span class='ocrx_word' id='word_1_280' title='bbox 1368 2319 1388 2349; x_wconf 89' lang='grc'><strong>6</strong></span> <span class='ocrx_word' id='word_1_281' title='bbox 1405 2314 1592 2348; x_wconf 87' lang='lat' dir='ltr'>fatebatur</span> <span class='ocrx_word' id='word_1_282' title='bbox 1617 2313 1655 2346; x_wconf 88' lang='lat' dir='ltr'><em>F</em></span> <span class='ocrx_word' id='word_1_283' title='bbox 1671 2314 1682 2357; x_wconf 90' lang='grc' dir='ltr'>ΙΙ</span> <span class='ocrx_word' id='word_1_284' title='bbox 1703 2317 1720 2346; x_wconf 87' lang='grc'><strong>7</strong></span> <span class='ocrx_word' id='word_1_285' title='bbox 1748 2312 1817 2345; x_wconf 83' lang='grc'><strong>1100</strong></span> 
     </span>
     <span class='ocr_line' id='line_1_32' title="bbox 126 2359 1816 2412; baseline -0.007 -9"><span class='ocrx_word' id='word_1_286' title='bbox 126 2370 201 2403; x_wconf 87' lang='lat' dir='ltr'>iam</span> <span class='ocrx_word' id='word_1_287' title='bbox 227 2368 322 2402; x_wconf 83' lang='lat' dir='ltr'>HM</span> <span class='ocrx_word' id='word_1_288' title='bbox 339 2369 390 2412; x_wconf 71' lang='grc'>118</span> <span class='ocrx_word' id='word_1_289' title='bbox 416 2369 495 2409; x_wconf 66' lang='lat' dir='ltr'>pter</span> <span class='ocrx_word' id='word_1_290' title='bbox 520 2366 563 2400; x_wconf 83' lang='lat' dir='ltr'><em>N</em></span> <span class='ocrx_word' id='word_1_291' title='bbox 594 2368 718 2410; x_wconf 86' lang='lat' dir='ltr'>preter</span> <span class='ocrx_word' id='word_1_292' title='bbox 743 2365 794 2398; x_wconf 89' lang='lat' dir='ltr'>L:</span> <span class='ocrx_word' id='word_1_293' title='bbox 820 2366 971 2410; x_wconf 88' lang='lat' dir='ltr'>propter</span> <span class='ocrx_word' id='word_1_294' title='bbox 1000 2364 1088 2398; x_wconf 85' lang='lat' dir='ltr'>FH</span> <span class='ocrx_word' id='word_1_295' title='bbox 1094 2365 1140 2398; x_wconf 87' lang='lat' dir='ltr'><em>M</em></span> <span class='ocrx_word' id='word_1_296' title='bbox 1157 2365 1169 2408; x_wconf 77' lang='grc' dir='ltr'>ΙΙ</span> <span class='ocrx_word' id='word_1_297' title='bbox 1189 2363 1225 2409; x_wconf 84' lang='grc'>3]</span> <span class='ocrx_word' id='word_1_298' title='bbox 1254 2364 1291 2397; x_wconf 91' lang='lat' dir='ltr'>et</span> <span class='ocrx_word' id='word_1_299' title='bbox 1317 2363 1363 2397; x_wconf 86' lang='lat' dir='ltr'>ab</span> <span class='ocrx_word' id='word_1_300' title='bbox 1389 2361 1427 2395; x_wconf 91' lang='lat' dir='ltr'><em>F</em></span> <span class='ocrx_word' id='word_1_301' title='bbox 1443 2362 1455 2404; x_wconf 84' lang='grc'>11</span> <span class='ocrx_word' id='word_1_302' title='bbox 1475 2360 1631 2404; x_wconf 83' lang='lat' dir='ltr'>Criniso]</span> <span class='ocrx_word' id='word_1_303' title='bbox 1659 2359 1816 2394; x_wconf 85' lang='lat' dir='ltr'>acriniso</span> 
     </span>
     <span class='ocr_line' id='line_1_33' title="bbox 130 2406 1817 2458; baseline -0.007 -8"><span class='ocrx_word' id='word_1_304' title='bbox 130 2416 169 2450; x_wconf 89' lang='lat' dir='ltr'><em>F</em></span> <span class='ocrx_word' id='word_1_305' title='bbox 207 2414 334 2450; x_wconf 90' lang='lat' dir='ltr'>crimio</span> <span class='ocrx_word' id='word_1_306' title='bbox 361 2414 431 2458; x_wconf 83' lang='grc' dir='ltr'>ΗΙΙ</span> <span class='ocrx_word' id='word_1_307' title='bbox 450 2418 469 2448; x_wconf 87' lang='grc'><strong>9</strong></span> <span class='ocrx_word' id='word_1_308' title='bbox 495 2425 581 2448; x_wconf 89' lang='grc'><strong>113111</strong></span> <span class='ocrx_word' id='word_1_309' title='bbox 606 2412 702 2447; x_wconf 79' lang='lat' dir='ltr'>velle</span> <span class='ocrx_word' id='word_1_310' title='bbox 730 2412 857 2457; x_wconf 81' lang='lat' dir='ltr'>habet]</span> <span class='ocrx_word' id='word_1_311' title='bbox 885 2413 929 2454; x_wconf 82' lang='lat' dir='ltr'>cf.</span> <span class='ocrx_word' id='word_1_312' title='bbox 957 2412 1053 2446; x_wconf 81' lang='lat' dir='ltr'>Serv.</span> <span class='ocrx_word' id='word_1_313' title='bbox 1083 2413 1130 2446; x_wconf 77' lang='lat' dir='ltr'>ad</span> <span class='ocrx_word' id='word_1_314' title='bbox 1156 2412 1246 2445; x_wconf 80' lang='lat' dir='ltr'>Aen.</span> <span class='ocrx_word' id='word_1_315' title='bbox 1274 2410 1323 2443; x_wconf 90' lang='lat' dir='ltr'>III</span> <span class='ocrx_word' id='word_1_316' title='bbox 1351 2414 1417 2443; x_wconf 80' lang='lat'>457</span> <span class='ocrx_word' id='word_1_317' title='bbox 1438 2410 1450 2452; x_wconf 88' lang='grc' dir='ltr'>ΙΙ</span> <span class='ocrx_word' id='word_1_318' title='bbox 1472 2412 1512 2441; x_wconf 86' lang='grc'>10</span> <span class='ocrx_word' id='word_1_319' title='bbox 1540 2418 1611 2441; x_wconf 90' lang='lat' dir='ltr'>non</span> <span class='ocrx_word' id='word_1_320' title='bbox 1638 2407 1711 2441; x_wconf 88' lang='lat' dir='ltr'>iam</span> <span class='ocrx_word' id='word_1_321' title='bbox 1738 2406 1817 2440; x_wconf 86' lang='lat' dir='ltr'>vult</span> 
     </span>
     <span class='ocr_line' id='line_1_34' title="bbox 127 2453 1814 2504; baseline -0.006 -7"><span class='ocrx_word' id='word_1_322' title='bbox 127 2464 207 2498; x_wconf 83' lang='lat' dir='ltr'>hab.</span> <span class='ocrx_word' id='word_1_323' title='bbox 237 2463 284 2496; x_wconf 85' lang='lat' dir='ltr'><em>M</em></span> <span class='ocrx_word' id='word_1_324' title='bbox 308 2466 339 2496; x_wconf 79' lang='lat' dir='ltr'>et</span> <span class='ocrx_word' id='word_1_325' title='bbox 364 2462 477 2495; x_wconf 69' lang='lat' dir='ltr'>edidit</span> <span class='ocrx_word' id='word_1_326' title='bbox 503 2461 706 2504; x_wconf 72' lang='lat' dir='ltr'>Stephanus</span> <span class='ocrx_word' id='word_1_327' title='bbox 736 2461 748 2504; x_wconf 80' lang='grc' dir='ltr'>ΙΙ</span> <span class='ocrx_word' id='word_1_328' title='bbox 783 2464 821 2493; x_wconf 87' lang='grc'>11</span> <span class='ocrx_word' id='word_1_329' title='bbox 852 2471 1027 2493; x_wconf 75' lang='lat' dir='ltr'>svanANT</span> <span class='ocrx_word' id='word_1_330' title='bbox 1053 2471 1138 2498; x_wconf 78' lang='lat' dir='ltr'>QVIA</span> <span class='ocrx_word' id='word_1_331' title='bbox 1166 2459 1242 2499; x_wconf 64' lang='lat' dir='ltr'>(sic)</span> <span class='ocrx_word' id='word_1_332' title='bbox 1270 2470 1418 2490; x_wconf 69' lang='lat' dir='ltr'>xAvissvs</span> <span class='ocrx_word' id='word_1_333' title='bbox 1446 2455 1484 2489; x_wconf 81' lang='lat' dir='ltr'><em>F</em></span> <span class='ocrx_word' id='word_1_334' title='bbox 1512 2456 1523 2499; x_wconf 86' lang='grc' dir='ltr'>ΙΙ</span> <span class='ocrx_word' id='word_1_335' title='bbox 1564 2458 1604 2487; x_wconf 86' lang='grc'>12</span> <span class='ocrx_word' id='word_1_336' title='bbox 1632 2453 1814 2497; x_wconf 86' lang='lat' dir='ltr'>nolentes]</span> 
     </span>
     <span class='ocr_line' id='line_1_35' title="bbox 129 2502 1819 2545; baseline -0.007 -1"><span class='ocrx_word' id='word_1_337' title='bbox 129 2510 294 2544; x_wconf 87' lang='lat' dir='ltr'>valentes</span> <span class='ocrx_word' id='word_1_338' title='bbox 322 2509 525 2543; x_wconf 70' lang='lat' dir='ltr'>Masvicius</span> <span class='ocrx_word' id='word_1_339' title='bbox 551 2511 582 2541; x_wconf 73' lang='lat' dir='ltr'>et</span> <span class='ocrx_word' id='word_1_340' title='bbox 606 2508 857 2541; x_wconf 65' lang='lat' dir='ltr'>Burmannus.</span> <span class='ocrx_word' id='word_1_341' title='bbox 907 2507 967 2541; x_wconf 81' lang='lat' dir='ltr'>sed</span> <span class='ocrx_word' id='word_1_342' title='bbox 998 2507 1164 2541; x_wconf 79' lang='lat' dir='ltr'>nolentes</span> <span class='ocrx_word' id='word_1_343' title='bbox 1196 2504 1345 2538; x_wconf 85' lang='lat' dir='ltr'>iuvenes</span> <span class='ocrx_word' id='word_1_344' title='bbox 1380 2506 1464 2537; x_wconf 73' lang='lat' dir='ltr'>sunt</span> <span class='ocrx_word' id='word_1_345' title='bbox 1493 2502 1594 2545; x_wconf 71' lang='lat' dir='ltr'>‘quos</span> <span class='ocrx_word' id='word_1_346' title='bbox 1614 2505 1819 2544; x_wconf 75' lang='lat' dir='ltr'>pertaesum</span> 
     </span>
     <span class='ocr_line' id='line_1_36' title="bbox 128 2547 1820 2601; baseline -0.007 -10"><span class='ocrx_word' id='word_1_347' title='bbox 128 2558 252 2601; x_wconf 68' lang='lat' dir='ltr'>mayni</span> <span class='ocrx_word' id='word_1_348' title='bbox 277 2557 411 2599; x_wconf 75' lang='lat' dir='ltr'>incepti</span> <span class='ocrx_word' id='word_1_349' title='bbox 435 2566 621 2599; x_wconf 76' lang='lat' dir='ltr'>rerumque</span> <span class='ocrx_word' id='word_1_350' title='bbox 647 2559 793 2588; x_wconf 71' lang='lat' dir='ltr'>tuarum</span> <span class='ocrx_word' id='word_1_351' title='bbox 819 2554 894 2588; x_wconf 76' lang='lat' dir='ltr'>est’.</span> <span class='ocrx_word' id='word_1_352' title='bbox 928 2555 939 2598; x_wconf 84' lang='grc' dir='ltr'>ΙΙ</span> <span class='ocrx_word' id='word_1_353' title='bbox 979 2558 1020 2588; x_wconf 88' lang='grc'>13</span> <span class='ocrx_word' id='word_1_354' title='bbox 1047 2553 1198 2587; x_wconf 76' lang='lat' dir='ltr'>dixisset</span> <span class='ocrx_word' id='word_1_355' title='bbox 1223 2552 1327 2594; x_wconf 82' lang='lat' dir='ltr'>item]</span> <span class='ocrx_word' id='word_1_356' title='bbox 1355 2550 1450 2584; x_wconf 86' lang='lat' dir='ltr'>unde</span> <span class='ocrx_word' id='word_1_357' title='bbox 1478 2548 1643 2591; x_wconf 84' lang='lat' dir='ltr'>sequitur</span> <span class='ocrx_word' id='word_1_358' title='bbox 1669 2547 1820 2581; x_wconf 60' lang='lat' dir='ltr'>dixisse-t</span> 
     </span>
     <span class='ocr_line' id='line_1_37' title="bbox 129 2595 1820 2647; baseline -0.007 -9"><span class='ocrx_word' id='word_1_359' title='bbox 129 2605 226 2639; x_wconf 87' lang='lat' dir='ltr'>enim</span> <span class='ocrx_word' id='word_1_360' title='bbox 252 2603 291 2638; x_wconf 92' lang='lat' dir='ltr'><em>F</em></span> <span class='ocrx_word' id='word_1_361' title='bbox 313 2606 324 2647; x_wconf 87' lang='grc' dir='ltr'>ΙΙ</span> <span class='ocrx_word' id='word_1_362' title='bbox 358 2607 401 2637; x_wconf 85' lang='grc'>14</span> <span class='ocrx_word' id='word_1_363' title='bbox 428 2613 618 2646; x_wconf 82' lang='lat' dir='ltr'>expressus</span> <span class='ocrx_word' id='word_1_364' title='bbox 645 2602 687 2635; x_wconf 81' lang='lat' dir='ltr'><strong><em>N</em></strong></span> <span class='ocrx_word' id='word_1_365' title='bbox 707 2603 718 2645; x_wconf 84' lang='grc' dir='ltr'>ΙΙ</span> <span class='ocrx_word' id='word_1_366' title='bbox 749 2600 928 2645; x_wconf 84' lang='lat' dir='ltr'>quidquid</span> <span class='ocrx_word' id='word_1_367' title='bbox 955 2601 994 2635; x_wconf 91' lang='lat' dir='ltr'><em>F</em></span> <span class='ocrx_word' id='word_1_368' title='bbox 1015 2602 1026 2645; x_wconf 85' lang='grc' dir='ltr'>ΙΙ</span> <span class='ocrx_word' id='word_1_369' title='bbox 1054 2599 1257 2634; x_wconf 88' lang='lat' dir='ltr'>inualidum</span> <span class='ocrx_word' id='word_1_370' title='bbox 1285 2600 1340 2632; x_wconf 84' lang='lat' dir='ltr'>est</span> <span class='ocrx_word' id='word_1_371' title='bbox 1370 2597 1461 2630; x_wconf 78' lang='lat' dir='ltr'>HM</span> <span class='ocrx_word' id='word_1_372' title='bbox 1485 2598 1496 2639; x_wconf 84' lang='grc' dir='ltr'>ΙΙ</span> <span class='ocrx_word' id='word_1_373' title='bbox 1519 2595 1725 2638; x_wconf 85' lang='lat' dir='ltr'>timensque</span> <span class='ocrx_word' id='word_1_374' title='bbox 1752 2595 1783 2627; x_wconf 90' lang='lat' dir='ltr'><em>L</em></span> <span class='ocrx_word' id='word_1_375' title='bbox 1819 2602 1820 2637; x_wconf 64' lang='lat'>]</span> 
     </span>
     <span class='ocr_line' id='line_1_38' title="bbox 131 2641 1818 2698; baseline -0.007 -12"><span class='ocrx_word' id='word_1_376' title='bbox 131 2652 201 2698; x_wconf 87' lang='lat' dir='ltr'>est]</span> <span class='ocrx_word' id='word_1_377' title='bbox 235 2651 357 2696; x_wconf 85' lang='lat' dir='ltr'>delige</span> <span class='ocrx_word' id='word_1_378' title='bbox 384 2650 466 2684; x_wconf 75' lang='lat' dir='ltr'>add.</span> <span class='ocrx_word' id='word_1_379' title='bbox 494 2649 533 2683; x_wconf 88' lang='lat' dir='ltr'><em>F</em></span> <span class='ocrx_word' id='word_1_380' title='bbox 567 2650 579 2693; x_wconf 77' lang='grc' dir='ltr'>ΙΙ</span> <span class='ocrx_word' id='word_1_381' title='bbox 619 2653 660 2683; x_wconf 84' lang='grc'>15</span> <span class='ocrx_word' id='word_1_382' title='bbox 687 2648 840 2694; x_wconf 74' lang='lat' dir='ltr'>INCEPTI]</span> <span class='ocrx_word' id='word_1_383' title='bbox 874 2648 1117 2693; x_wconf 83' lang='lat' dir='ltr'>compositum</span> <span class='ocrx_word' id='word_1_384' title='bbox 1145 2657 1210 2691; x_wconf 84' lang='lat' dir='ltr'>pro</span> <span class='ocrx_word' id='word_1_385' title='bbox 1238 2644 1411 2689; x_wconf 77' lang='lat' dir='ltr'>simplici,</span> <span class='ocrx_word' id='word_1_386' title='bbox 1446 2653 1510 2687; x_wconf 88' lang='lat' dir='ltr'>pro</span> <span class='ocrx_word' id='word_1_387' title='bbox 1536 2644 1695 2683; x_wconf 70' lang='lat' dir='ltr'>taefflim,</span> <span class='ocrx_word' id='word_1_388' title='bbox 1723 2641 1818 2684; x_wconf 83' lang='lat' dir='ltr'>quod</span> 
     </span>
     <span class='ocr_line' id='line_1_39' title="bbox 130 2689 1820 2740; baseline -0.007 -7"><span class='ocrx_word' id='word_1_389' title='bbox 130 2711 216 2733; x_wconf 86' lang='lat' dir='ltr'>usus</span> <span class='ocrx_word' id='word_1_390' title='bbox 240 2709 314 2733; x_wconf 89' lang='lat' dir='ltr'>non</span> <span class='ocrx_word' id='word_1_391' title='bbox 340 2697 484 2732; x_wconf 90' lang='lat' dir='ltr'>obtinet</span> <span class='ocrx_word' id='word_1_392' title='bbox 510 2697 593 2731; x_wconf 78' lang='lat' dir='ltr'>add.</span> <span class='ocrx_word' id='word_1_393' title='bbox 620 2696 658 2730; x_wconf 87' lang='lat' dir='ltr'><em>D</em></span> <span class='ocrx_word' id='word_1_394' title='bbox 682 2697 694 2740; x_wconf 91' lang='grc' dir='ltr'>ΙΙ</span> <span class='ocrx_word' id='word_1_395' title='bbox 728 2700 767 2730; x_wconf 91' lang='grc'>17</span> <span class='ocrx_word' id='word_1_396' title='bbox 795 2696 941 2730; x_wconf 88' lang='lat' dir='ltr'>acceste</span> <span class='ocrx_word' id='word_1_397' title='bbox 967 2696 1000 2729; x_wconf 94' lang='lat' dir='ltr'><em>L</em></span> <span class='ocrx_word' id='word_1_398' title='bbox 1019 2696 1030 2739; x_wconf 89' lang='grc' dir='ltr'>ΙΙ</span> <span class='ocrx_word' id='word_1_399' title='bbox 1055 2696 1200 2729; x_wconf 82' lang='lat' dir='ltr'>accesta</span> <span class='ocrx_word' id='word_1_400' title='bbox 1227 2694 1257 2727; x_wconf 85' lang='lat' dir='ltr'><em>L</em></span> <span class='ocrx_word' id='word_1_401' title='bbox 1297 2693 1430 2726; x_wconf 77' lang='lat' dir='ltr'>Acesta</span> <span class='ocrx_word' id='word_1_402' title='bbox 1456 2689 1588 2723; x_wconf 84' lang='lat' dir='ltr'>deinde</span> <span class='ocrx_word' id='word_1_403' title='bbox 1619 2689 1820 2722; x_wconf 56' lang='lat' dir='ltr'>Mammas</span> 
     </span>
    </p>
   </div>
   <div class='ocr_carea' id='block_1_6' title="bbox 127 2767 1818 2840">
    <p class='ocr_par' dir='ltr' id='par_1_15' title="bbox 127 2767 1818 2840">
     <span class='ocr_line' id='line_1_40' title="bbox 127 2767 1818 2840; baseline -0.008 -13"><span class='ocrx_word' id='word_1_404' title='bbox 127 2794 271 2837; x_wconf 78' lang='lat' dir='ltr'>primus</span> <span class='ocrx_word' id='word_1_405' title='bbox 289 2793 301 2837; x_wconf 83' lang='grc' dir='ltr'>ΙΙ</span> <span class='ocrx_word' id='word_1_406' title='bbox 329 2796 374 2826; x_wconf 92' lang='grc'>20</span> <span class='ocrx_word' id='word_1_407' title='bbox 400 2767 509 2825; x_wconf 54' lang='lat' dir='ltr'>Arimi]</span> <span class='ocrx_word' id='word_1_408' title='bbox 537 2791 576 2824; x_wconf 86' lang='lat' dir='ltr'><em>F</em></span> <span class='ocrx_word' id='word_1_409' title='bbox 600 2794 636 2833; x_wconf 65' lang='lat' dir='ltr'>(V</span> <span class='ocrx_word' id='word_1_410' title='bbox 661 2801 834 2834; x_wconf 76' lang='lat' dir='ltr'>superscr.</span> <span class='ocrx_word' id='word_1_411' title='bbox 862 2801 955 2823; x_wconf 85' lang='lat' dir='ltr'>man.</span> <span class='ocrx_word' id='word_1_412' title='bbox 984 2792 1063 2832; x_wconf 78' lang='lat' dir='ltr'>rec.)</span> <span class='ocrx_word' id='word_1_413' title='bbox 1090 2799 1198 2821; x_wconf 71' lang='lat' dir='ltr'>Ammo</span> <span class='ocrx_word' id='word_1_414' title='bbox 1228 2787 1273 2820; x_wconf 80' lang='lat' dir='ltr'><em>M</em></span> <span class='ocrx_word' id='word_1_415' title='bbox 1291 2789 1302 2840; x_wconf 73' lang='lat' dir='ltr'>[l</span> <span class='ocrx_word' id='word_1_416' title='bbox 1329 2797 1521 2819; x_wconf 68' lang='lat' dir='ltr'>nmwmrvn</span> <span class='ocrx_word' id='word_1_417' title='bbox 1549 2784 1634 2816; x_wconf 62' lang='lat' dir='ltr'>libra·</span> <span class='ocrx_word' id='word_1_418' title='bbox 1659 2784 1671 2827; x_wconf 74' lang='grc' dir='ltr'>ΙΙ</span> <span class='ocrx_word' id='word_1_419' title='bbox 1696 2786 1738 2816; x_wconf 86' lang='grc'>23</span> <span class='ocrx_word' id='word_1_420' title='bbox 1767 2792 1818 2815; x_wconf 78' lang='lat' dir='ltr'>re-</span> 
     </span>
    </p>
   </div>
   <div class='ocr_carea' id='block_1_7' title="bbox 132 2829 1821 2931">
    <p class='ocr_par' dir='ltr' id='par_1_16' title="bbox 132 2829 1821 2931">
     <span class='ocr_line' id='line_1_41' title="bbox 132 2829 1821 2882; baseline -0.008 -8"><span class='ocrx_word' id='word_1_421' title='bbox 132 2852 258 2875; x_wconf 78' lang='lat' dir='ltr'>cursus</span> <span class='ocrx_word' id='word_1_422' title='bbox 285 2840 324 2873; x_wconf 88' lang='lat' dir='ltr'><em>F</em></span> <span class='ocrx_word' id='word_1_423' title='bbox 356 2841 368 2882; x_wconf 87' lang='grc' dir='ltr'>ΙΙ</span> <span class='ocrx_word' id='word_1_424' title='bbox 405 2838 584 2882; x_wconf 84' lang='lat' dir='ltr'>recursat]</span> <span class='ocrx_word' id='word_1_425' title='bbox 616 2837 712 2872; x_wconf 90' lang='lat' dir='ltr'>unde</span> <span class='ocrx_word' id='word_1_426' title='bbox 739 2836 877 2871; x_wconf 82' lang='lat' dir='ltr'>Graece</span> <span class='ocrx_word' id='word_1_427' title='bbox 909 2847 980 2871; x_wconf 81' lang='lat' dir='ltr'>nox</span> <span class='ocrx_word' id='word_1_428' title='bbox 1011 2836 1145 2870; x_wconf 84' lang='lat' dir='ltr'>dicitur</span> <span class='ocrx_word' id='word_1_429' title='bbox 1179 2831 1347 2877; x_wconf 80' lang='grc' dir='ltr'><strong><em>εὖφρονη</em></strong></span> <span class='ocrx_word' id='word_1_430' title='bbox 1384 2832 1470 2875; x_wconf 81' lang='lat' dir='ltr'>quia</span> <span class='ocrx_word' id='word_1_431' title='bbox 1502 2829 1671 2864; x_wconf 84' lang='lat' dir='ltr'>subtilius</span> <span class='ocrx_word' id='word_1_432' title='bbox 1703 2829 1821 2873; x_wconf 82' lang='lat' dir='ltr'>sapiat</span> 
     </span>
     <span class='ocr_line' id='line_1_42' title="bbox 133 2877 1819 2931; baseline -0.008 -9"><span class='ocrx_word' id='word_1_433' title='bbox 133 2888 245 2922; x_wconf 92' lang='lat' dir='ltr'>homo</span> <span class='ocrx_word' id='word_1_434' title='bbox 271 2898 382 2931; x_wconf 87' lang='lat' dir='ltr'>quam</span> <span class='ocrx_word' id='word_1_435' title='bbox 407 2885 567 2920; x_wconf 87' lang='lat' dir='ltr'>interdiu</span> <span class='ocrx_word' id='word_1_436' title='bbox 594 2885 677 2919; x_wconf 77' lang='lat' dir='ltr'>add.</span> <span class='ocrx_word' id='word_1_437' title='bbox 699 2884 736 2917; x_wconf 88' lang='lat' dir='ltr'><em>D</em></span> <span class='ocrx_word' id='word_1_438' title='bbox 754 2885 766 2928; x_wconf 88' lang='grc' dir='ltr'>ΙΙ</span> <span class='ocrx_word' id='word_1_439' title='bbox 795 2884 904 2918; x_wconf 86' lang='lat' dir='ltr'>modo</span> <span class='ocrx_word' id='word_1_440' title='bbox 932 2911 938 2916; x_wconf 90' lang='lat'>.</span> <span class='ocrx_word' id='word_1_441' title='bbox 961 2911 967 2917; x_wconf 95' lang='lat'>.</span> <span class='ocrx_word' id='word_1_442' title='bbox 991 2913 997 2919; x_wconf 90' lang='lat'>.</span> <span class='ocrx_word' id='word_1_443' title='bbox 1026 2882 1175 2917; x_wconf 85' lang='lat' dir='ltr'>abusive</span> <span class='ocrx_word' id='word_1_444' title='bbox 1202 2883 1256 2915; x_wconf 87' lang='lat' dir='ltr'>est</span> <span class='ocrx_word' id='word_1_445' title='bbox 1281 2881 1359 2913; x_wconf 76' lang='lat' dir='ltr'>hab.</span> <span class='ocrx_word' id='word_1_446' title='bbox 1390 2879 1446 2918; x_wconf 89' lang='lat' dir='ltr'>M,</span> <span class='ocrx_word' id='word_1_447' title='bbox 1473 2878 1580 2912; x_wconf 83' lang='lat' dir='ltr'>modo</span> <span class='ocrx_word' id='word_1_448' title='bbox 1606 2877 1717 2910; x_wconf 70' lang='lat' dir='ltr'>edidit</span> <span class='ocrx_word' id='word_1_449' title='bbox 1744 2877 1819 2909; x_wconf 57' lang='lat' dir='ltr'>,Ste-</span> 
     </span>
    </p>
   </div>
   <div class='ocr_carea' id='block_1_8' title="bbox 273 2241 407 2244">
    <p class='ocr_par' dir='ltr' id='par_1_17' title="bbox 273 2241 407 2244">
     <span class='ocr_line' id='line_1_43' title="bbox 273 2241 407 2244; baseline 0 0"><span class='ocrx_word' id='word_1_450' title='bbox 273 2241 407 2244; x_wconf 95' lang='lat' dir='ltr'> </span> 
     </span>
    </p>
   </div>
   <div class='ocr_carea' id='block_1_9' title="bbox 70 2922 1819 2980">
    <p class='ocr_par' dir='ltr' id='par_1_18' title="bbox 70 2922 1819 2980">
     <span class='ocr_line' id='line_1_44' title="bbox 70 2922 1819 2980; baseline -0.007 -11"><span class='ocrx_word' id='word_1_451' title='bbox 70 2978 73 2980; x_wconf 26' lang='lat'><em>-</em></span> <span class='ocrx_word' id='word_1_452' title='bbox 128 2935 294 2978; x_wconf 77' lang='lat' dir='ltr'>phanus:</span> <span class='ocrx_word' id='word_1_453' title='bbox 320 2932 430 2967; x_wconf 84' lang='lat' dir='ltr'>modo</span> <span class='ocrx_word' id='word_1_454' title='bbox 456 2944 528 2967; x_wconf 91' lang='lat' dir='ltr'>non</span> <span class='ocrx_word' id='word_1_455' title='bbox 554 2933 596 2965; x_wconf 89' lang='lat' dir='ltr'>ut</span> <span class='ocrx_word' id='word_1_456' title='bbox 621 2930 715 2965; x_wconf 86' lang='lat' dir='ltr'>ferat</span> <span class='ocrx_word' id='word_1_457' title='bbox 739 2932 958 2965; x_wconf 84' lang='lat' dir='ltr'>tenuauerat</span> <span class='ocrx_word' id='word_1_458' title='bbox 976 2941 1062 2964; x_wconf 88' lang='lat' dir='ltr'>aera</span> <span class='ocrx_word' id='word_1_459' title='bbox 1082 2929 1167 2972; x_wconf 85' lang='lat' dir='ltr'>biga</span> <span class='ocrx_word' id='word_1_460' title='bbox 1187 2928 1319 2961; x_wconf 82' lang='lat' dir='ltr'>abusus</span> <span class='ocrx_word' id='word_1_461' title='bbox 1340 2928 1394 2959; x_wconf 81' lang='lat' dir='ltr'>est</span> <span class='ocrx_word' id='word_1_462' title='bbox 1414 2925 1451 2958; x_wconf 78' lang='lat' dir='ltr'><em>F</em></span> <span class='ocrx_word' id='word_1_463' title='bbox 1477 2924 1614 2960; x_wconf 74' lang='lat' dir='ltr'>miodo:</span> <span class='ocrx_word' id='word_1_464' title='bbox 1637 2935 1719 2957; x_wconf 80' lang='lat' dir='ltr'>naui</span> <span class='ocrx_word' id='word_1_465' title='bbox 1742 2922 1819 2957; x_wconf 80' lang='lat' dir='ltr'>Sta-</span> 
     </span>
    </p>
   </div>
   <div class='ocr_carea' id='block_1_10' title="bbox 134 2969 1822 3214">
    <p class='ocr_par' dir='ltr' id='par_1_19' title="bbox 134 2969 1822 3214">
     <span class='ocr_line' id='line_1_45' title="bbox 134 2969 1822 3024; baseline -0.008 -9"><span class='ocrx_word' id='word_1_466' title='bbox 134 2981 207 3015; x_wconf 86' lang='lat' dir='ltr'>tius</span> <span class='ocrx_word' id='word_1_467' title='bbox 232 2980 387 3016; x_wconf 84' lang='lat' dir='ltr'>rorifera</span> <span class='ocrx_word' id='word_1_468' title='bbox 414 3008 419 3013; x_wconf 95' lang='lat'>.</span> <span class='ocrx_word' id='word_1_469' title='bbox 444 3008 449 3014; x_wconf 97' lang='lat'>.</span> <span class='ocrx_word' id='word_1_470' title='bbox 473 3006 479 3012; x_wconf 93' lang='lat'>.</span> <span class='ocrx_word' id='word_1_471' title='bbox 507 2978 594 3024; x_wconf 84' lang='lat' dir='ltr'>biga</span> <span class='ocrx_word' id='word_1_472' title='bbox 621 2978 755 3013; x_wconf 80' lang='lat' dir='ltr'>abusus</span> <span class='ocrx_word' id='word_1_473' title='bbox 782 2978 837 3012; x_wconf 90' lang='lat' dir='ltr'>est</span> <span class='ocrx_word' id='word_1_474' title='bbox 862 2979 952 3012; x_wconf 73' lang='lat' dir='ltr'>coni.</span> <span class='ocrx_word' id='word_1_475' title='bbox 972 2978 1223 3015; x_wconf 69' lang='lat' dir='ltr'>Burmannus)</span> <span class='ocrx_word' id='word_1_476' title='bbox 1244 2975 1255 3017; x_wconf 83' lang='grc' dir='ltr'>ΙΙ</span> <span class='ocrx_word' id='word_1_477' title='bbox 1275 2986 1368 3007; x_wconf 71' lang='lat' dir='ltr'>mais</span> <span class='ocrx_word' id='word_1_478' title='bbox 1394 2972 1539 3016; x_wconf 80' lang='lat' dir='ltr'>proprie</span> <span class='ocrx_word' id='word_1_479' title='bbox 1566 2971 1685 3005; x_wconf 85' lang='lat' dir='ltr'>modo.</span> <span class='ocrx_word' id='word_1_480' title='bbox 1727 2969 1822 3013; x_wconf 81' lang='lat' dir='ltr'>bigis</span> 
     </span>
     <span class='ocr_line' id='line_1_46' title="bbox 135 3018 1822 3072; baseline -0.008 -10"><span class='ocrx_word' id='word_1_481' title='bbox 135 3026 267 3063; x_wconf 83' lang='lat' dir='ltr'>melius</span> <span class='ocrx_word' id='word_1_482' title='bbox 292 3026 428 3072; x_wconf 85' lang='lat' dir='ltr'>plurali</span> <span class='ocrx_word' id='word_1_483' title='bbox 454 3026 590 3060; x_wconf 84' lang='lat' dir='ltr'>utimur</span> <span class='ocrx_word' id='word_1_484' title='bbox 616 3036 726 3069; x_wconf 89' lang='lat' dir='ltr'>quam</span> <span class='ocrx_word' id='word_1_485' title='bbox 753 3024 939 3069; x_wconf 85' lang='lat' dir='ltr'>singulari.</span> <span class='ocrx_word' id='word_1_486' title='bbox 990 3025 1072 3059; x_wconf 87' lang='lat' dir='ltr'>ideo</span> <span class='ocrx_word' id='word_1_487' title='bbox 1102 3022 1274 3056; x_wconf 80' lang='lat' dir='ltr'>‘rorifera</span> <span class='ocrx_word' id='word_1_488' title='bbox 1306 3019 1468 3063; x_wconf 70' lang='lat' dir='ltr'>gelidum</span> <span class='ocrx_word' id='word_1_489' title='bbox 1494 3018 1711 3052; x_wconf 86' lang='lat' dir='ltr'>tenuaverat</span> <span class='ocrx_word' id='word_1_490' title='bbox 1736 3028 1822 3051; x_wconf 86' lang='lat' dir='ltr'>aera</span> 
     </span>
     <span class='ocr_line' id='line_1_47' title="bbox 135 3064 1819 3119; baseline -0.007 -10"><span class='ocrx_word' id='word_1_491' title='bbox 135 3074 238 3119; x_wconf 85' lang='lat' dir='ltr'>biga’</span> <span class='ocrx_word' id='word_1_492' title='bbox 267 3073 417 3109; x_wconf 82' lang='lat' dir='ltr'>abusive</span> <span class='ocrx_word' id='word_1_493' title='bbox 444 3073 537 3107; x_wconf 76' lang='lat' dir='ltr'>dixit</span> <span class='ocrx_word' id='word_1_494' title='bbox 556 3072 706 3107; x_wconf 82' lang='lat' dir='ltr'>Statius.</span> <span class='ocrx_word' id='word_1_495' title='bbox 744 3072 852 3116; x_wconf 86' lang='lat' dir='ltr'>bigae</span> <span class='ocrx_word' id='word_1_496' title='bbox 880 3073 1003 3106; x_wconf 86' lang='lat' dir='ltr'>autem</span> <span class='ocrx_word' id='word_1_497' title='bbox 1024 3082 1045 3105; x_wconf 90' lang='lat' dir='ltr'>a</span> <span class='ocrx_word' id='word_1_498' title='bbox 1065 3069 1160 3104; x_wconf 87' lang='lat' dir='ltr'>binis</span> <span class='ocrx_word' id='word_1_499' title='bbox 1186 3068 1281 3112; x_wconf 82' lang='lat' dir='ltr'>iugis</span> <span class='ocrx_word' id='word_1_500' title='bbox 1307 3067 1437 3101; x_wconf 85' lang='lat' dir='ltr'>dictae.</span> <span class='ocrx_word' id='word_1_501' title='bbox 1477 3065 1670 3109; x_wconf 83' lang='lat' dir='ltr'>praecipue</span> <span class='ocrx_word' id='word_1_502' title='bbox 1698 3064 1819 3098; x_wconf 85' lang='lat' dir='ltr'>autem</span> 
     </span>
     <span class='ocr_line' id='line_1_48' title="bbox 137 3111 1819 3164; baseline -0.007 -8"><span class='ocrx_word' id='word_1_503' title='bbox 137 3121 275 3156; x_wconf 89' lang='lat' dir='ltr'>dictum</span> <span class='ocrx_word' id='word_1_504' title='bbox 303 3123 358 3156; x_wconf 86' lang='lat' dir='ltr'>est</span> <span class='ocrx_word' id='word_1_505' title='bbox 383 3120 469 3164; x_wconf 86' lang='lat' dir='ltr'>quia</span> <span class='ocrx_word' id='word_1_506' title='bbox 495 3120 582 3155; x_wconf 87' lang='lat' dir='ltr'>luna</span> <span class='ocrx_word' id='word_1_507' title='bbox 608 3119 742 3154; x_wconf 87' lang='lat' dir='ltr'>dicitur</span> <span class='ocrx_word' id='word_1_508' title='bbox 767 3119 902 3154; x_wconf 84' lang='lat' dir='ltr'>habere</span> <span class='ocrx_word' id='word_1_509' title='bbox 928 3119 1050 3163; x_wconf 78' lang='lat' dir='ltr'>bigas,</span> <span class='ocrx_word' id='word_1_510' title='bbox 1076 3127 1169 3161; x_wconf 88' lang='lat' dir='ltr'>quae</span> <span class='ocrx_word' id='word_1_511' title='bbox 1196 3114 1293 3149; x_wconf 87' lang='lat' dir='ltr'>nocti</span> <span class='ocrx_word' id='word_1_512' title='bbox 1321 3114 1480 3158; x_wconf 86' lang='lat' dir='ltr'>praeest,</span> <span class='ocrx_word' id='word_1_513' title='bbox 1508 3111 1565 3146; x_wconf 87' lang='lat' dir='ltr'>cui</span> <span class='ocrx_word' id='word_1_514' title='bbox 1587 3111 1720 3156; x_wconf 82' lang='lat' dir='ltr'>duplex</span> <span class='ocrx_word' id='word_1_515' title='bbox 1740 3122 1819 3155; x_wconf 85' lang='lat' dir='ltr'>pro-</span> 
     </span>
     <span class='ocr_line' id='line_1_49' title="bbox 137 3161 1540 3214; baseline -0.007 -11"><span class='ocrx_word' id='word_1_516' title='bbox 137 3168 276 3214; x_wconf 83' lang='lat' dir='ltr'>prietas</span> <span class='ocrx_word' id='word_1_517' title='bbox 303 3167 487 3203; x_wconf 81' lang='lat' dir='ltr'>crescendi</span> <span class='ocrx_word' id='word_1_518' title='bbox 513 3168 551 3202; x_wconf 87' lang='lat' dir='ltr'>et</span> <span class='ocrx_word' id='word_1_519' title='bbox 575 3165 809 3202; x_wconf 78' lang='lat' dir='ltr'>decrescendi</span> <span class='ocrx_word' id='word_1_520' title='bbox 836 3166 882 3200; x_wconf 89' lang='lat' dir='ltr'>D.</span> <span class='ocrx_word' id='word_1_521' title='bbox 928 3167 973 3209; x_wconf 84' lang='lat' dir='ltr'>cf.</span> <span class='ocrx_word' id='word_1_522' title='bbox 1001 3166 1092 3200; x_wconf 83' lang='lat' dir='ltr'>Isid.</span> <span class='ocrx_word' id='word_1_523' title='bbox 1119 3174 1171 3197; x_wconf 87' lang='lat' dir='ltr'>or.</span> <span class='ocrx_word' id='word_1_524' title='bbox 1197 3161 1314 3196; x_wconf 84' lang='lat' dir='ltr'>XVIII</span> <span class='ocrx_word' id='word_1_525' title='bbox 1342 3165 1397 3203; x_wconf 82' lang='lat'>36,</span> <span class='ocrx_word' id='word_1_526' title='bbox 1421 3165 1435 3194; x_wconf 90' lang='lat'>1</span> <span class='ocrx_word' id='word_1_527' title='bbox 1464 3163 1495 3194; x_wconf 75' lang='lat' dir='ltr'>et</span> <span class='ocrx_word' id='word_1_528' title='bbox 1521 3164 1540 3193; x_wconf 82' lang='grc'>2</span> 
     </span>
    </p>
   </div>
  </div>
 </body>
</html>
