2204 3437
337 919 378 949 10

334 1274 376 1305 15

331 1628 376 1658 20

333 1982 376 2012 25

285 2022 296 2032 .

411 166 492 206 110
1171 163 1330 198 SERVII

403 275 531 315 sativo
567 273 705 325 servit,
747 272 817 312 ubi
848 285 936 313 «vero
981 271 1068 314 ‘de'
1106 272 1326 325 sifflzifteat,
1359 271 1545 312 ablativo.
1673 282 1811 312 AEN1s
1843 282 1982 313 NODIS
2014 286 2101 312 non

407 348 577 386 centum
614 343 755 397 nodis,
794 343 866 383 sed
905 343 1084 396 catenis,
1122 357 1227 397 quas
1271 341 1645 383 circumlocutione
1688 330 1964 395 significavit,
2003 343 2102 396 quia

407 418 506 457 sunt
543 417 716 456 catenae
754 413 855 454 nodi
892 413 1048 467 plures.
1115 414 1282 466 qnidam
1321 410 1497 454 ‘aeneis'
1534 425 1614 465 pro
1649 412 1792 463 ferreis
1830 412 2015 466 tradunt,
2057 416 2104 453 ut

405 487 551 527 micat
581 498 750 526 aereus
781 485 933 525 ensis:
964 488 1002 525 et
1031 498 1173 525 aerea
1204 498 1338 537 quem
1370 483 1615 536 obliquum
1647 486 1755 523 rota
1787 483 1982 524 transit.

524 557 620 597 297.
670 567 728 596 ET
762 567 876 596 MAIA
909 566 1115 596 GENITVM
1140 554 1410 595 Mercurium.
1462 556 1505 594 et
1537 555 1602 593 est
1627 553 1903 607 periphrasis,
1954 552 2101 595 Cicero

404 627 448 667 in
479 627 601 667 libris
635 626 684 667 de
717 625 893 667 deorum
924 627 1080 666 natura
1110 626 1255 679 plures
1288 624 1391 666 dicit
1424 638 1516 665 esse
1538 622 1791 664 Mercurios:
1825 624 1899 665 sed
1930 625 1974 665 in
2006 624 2101 666 deo-

404 713 498 738 rum
529 698 696 738 ratione
727 696 898 737 fabulae
926 696 1164 751 sequendae
1198 698 1320 750 sunt,
1349 710 1448 735 nam
1481 694 1640 735 veritas
1673 694 1911 748 ignoratur.
1973 695 2102 736 simul

404 768 553 809 allusit
583 770 730 822 poeta,
763 767 863 821 quia
893 782 969 821 per
1002 767 1322 820 caduceatores,
1361 765 1403 806 id
1441 768 1507 806 est
1538 764 1844 819 internuntios,
1875 780 1960 820 pax
1993 766 2103 807 solet

404 839 508 880 fieri.
630 856 725 880 MAJA
755 855 932 880 GENJTVM
960 854 1148 879 DEMJTTJT
1172 855 1222 878 AB
1252 837 1365 888 Atro]
1399 836 1505 889 quod
1533 836 1602 876 deo
1635 848 1734 887 opus
1766 839 1869 886 erat,
1899 839 1946 877 ut
1974 836 2103 878 hostes

404 911 532 952 Poeni
580 911 737 952 auctori
785 910 967 951 Romani
1015 909 1194 950 nominis
1233 908 1501 961 placarentur
1545 906 1717 947 Aeneae.
1790 907 1958 959 quidam
2006 921 2104 949 sane

403 986 594 1035 quattuor
624 982 852 1023 DIemmubs
882 981 1042 1021 dieunt:
1073 993 1202 1020 mcum
1227 978 1340 1020 Iovis
1371 981 1406 1019 et
1431 977 1576 1018 Mariae
1605 977 1757 1032 filiam,
1789 977 1963 1018 alterum
1990 977 2103 1020 Caeli

403 1057 441 1094 et
470 1053 586 1104 Diei,
625 1053 786 1094 tertium
816 1051 956 1092 Liberi
993 1055 1030 1092 et
1061 1050 1349 1103 Proserpinae,
1386 1051 1579 1102 quartmn
1616 1047 1728 1089 Iovis
1765 1051 1802 1089 et
1838 1047 2037 1101 Cyllenes,
2075 1064 2102 1090 a

403 1139 479 1177 qno
511 1124 652 1177 Areus
682 1123 832 1164 occisus
862 1126 929 1177 est,
961 1136 1077 1175 quem
1111 1123 1241 1174 ipsum
1273 1121 1318 1162 ob
1349 1120 1454 1161 hanc
1484 1133 1650 1161 causam
1672 1119 1849 1161 Graecia
1873 1121 2100 1175 profecqum

404 1195 616 1248 Aegyptiis
648 1194 802 1235 litteras
833 1194 1125 1234 demonstrasse
1148 1191 1369 1245 perffn'bent.

521 1265 617 1307 298.
668 1277 728 1305 VT
762 1277 942 1305 TERRAE
975 1267 1150 1318 propter
1187 1263 1296 1304 illud
1336 1263 1447 1317 quod
1487 1263 1678 1317 sequitur
1716 1262 1949 1316 hospitio
1987 1279 2102 1317 pro-

403 1336 635 1378 hibemur
672 1336 905 1377 harenae.
1034 1346 1243 1375 PATEANT
1283 1336 1461 1388 propter
1498 1333 1603 1374 illud
1646 1335 1855 1374 cunctus
1898 1334 1957 1374 ob
2000 1333 2104 1375 Ita-

403 1408 524 1449 liam
552 1410 809 1448 terrarum
836 1406 1096 1448 clauditur
1123 1406 1274 1446 orbis.
1318 1405 1437 1446 *non
1463 1405 1571 1445 nulli
1594 1418 1691 1446 sane
1714 1403 2106 1458 ‘pateant’paeatae

402 1480 485 1520 sint
514 1479 734 1531 accipiunt,
766 1481 812 1518 ut
842 1477 1067 1518 Sallustius
1097 1476 1247 1517 simul
1277 1476 1510 1516 immanis
1546 1475 1794 1516 hominum
1830 1476 1903 1517 vis
1933 1476 2104 1517 multis

402 1564 422 1590 e
453 1550 572 1591 locis
602 1550 826 1590 invasere
849 1551 1076 1601 patentes
1107 1550 1207 1588 tum
1238 1550 1281 1588 et
1303 1547 1448 1600 pacis
1478 1547 1613 1587 modo
1645 1546 1860 1598 effusas;
1901 1546 1966 1589 Mc
1995 1547 2104 1588 enim

402 1620 563 1661 habitus
586 1620 715 1672 pacis.
776 1623 813 1661 et
850 1620 895 1660 in
934 1618 1117 1660 Catilina
1156 1621 1327 1659 cancta
1368 1618 1528 1658 maria
1570 1621 1822 1670 terraeque
1854 1617 2105 1671 patebant.

401 1693 459 1732 sic
489 1692 597 1732 enim
628 1695 768 1732 eontra
799 1705 889 1732 eam
920 1691 1070 1732 (licitur
1102 1689 1263 1731 ‘clausa
1288 1688 1449 1730 omma’
1482 1689 1628 1730 bellum
1653 1689 1920 1742 seyniftcatnr,
1945 1692 1991 1730 ut
2021 1689 2105 1741 ipse

402 1777 521 1815 quae
551 1763 741 1803 moenia
772 1762 956 1803 clausis
985 1761 1174 1813 ferrum
1206 1763 1388 1801 acuant
1410 1760 1589 1813 portis.
1609 1757 1633 1783 ²¹<

522 1833 619 1874 299.
672 1843 890 1874 HOSPITIO
933 1832 984 1872 ad
1024 1831 1275 1885 hospitium.
1397 1842 1457 1871 NE
1500 1842 1608 1872 FATI
1650 1841 1817 1872 NESCIA
1857 1841 1974 1871 DIDo
2017 1845 2103 1871 non

404 1904 486 1944 sui:
525 1918 625 1944 nam
665 1904 700 1944 si
739 1904 868 1944 sciret
907 1903 1067 1944 exitum
1107 1917 1248 1956 suum,
1286 1902 1422 1943 multo
1461 1901 1600 1955 magis
1639 1903 1819 1942 vetaret:
1867 1901 1939 1942 sed
1978 1899 2103 1942 ‘fati’

404 1975 511 2015 dixit
542 1974 780 2015 voluntatis
807 1974 941 2028 Iovis,
973 1974 1083 2014 sicut
1114 1973 1240 2014 fatis
1272 1973 1484 2014 Iunonis
1517 1973 1734 2026 iniquae.
1773 1974 1848 2013 aut
1879 1974 1992 2013 certe
2024 1971 2104 2012 fati

404 2046 700 2099 Troianorum,
733 2045 805 2099 qui
836 2059 922 2086 non
955 2046 1131 2099 sponte,
1165 2043 1238 2084 sed
1269 2044 1527 2085 necessitate
1566 2043 1618 2084 ad
1650 2042 1843 2084 Africam
1882 2045 2101 2096 venerant,

404 2116 515 2170 quod
545 2116 694 2170 utique
720 2115 953 2169 ignorabat
981 2114 1106 2155 Dido.
1150 2113 1226 2154 illo
1255 2113 1368 2154 enim
1394 2116 1585 2167 tempore
1612 2112 1942 2154 invadendarum
1971 2114 2104 2154 terra-

402 2202 497 2228 rum
530 2202 658 2228 causa
690 2186 830 2227 fuerat
861 2185 1099 2239 navigatio,
1132 2187 1179 2225 ut
1213 2183 1444 2225 Sallustius
1478 2183 1691 2237 meminit,
1729 2182 1846 2223 facili
1883 2184 1976 2224 tum
2015 2199 2104 2224 mu-

403 2258 565 2299 tatione
599 2257 762 2298 sedum:
801 2256 912 2310 quod
953 2256 1081 2297 etiam
1115 2258 1319 2296 excusant
1351 2254 1525 2296 Troiani
1565 2269 1666 2295 non
1705 2268 1796 2295 nos
1839 2256 1924 2294 aut
1964 2253 2101 2295 ferro

497 2390 519 2420 4
544 2385 672 2431 micat]
700 2386 742 2419 A.
769 2384 838 2418 VII
864 2388 930 2418 743
962 2384 973 2427 ΙΙ
1004 2383 1127 2427 aerea]
1156 2383 1196 2416 A.
1224 2383 1257 2416 V
1284 2386 1351 2417 274
1382 2384 1394 2426 Η
1425 2386 1444 2416 5
1480 2381 1606 2417 Cicero
1627 2381 1680 2415 ‘in
1711 2381 1815 2416 libris
1842 2381 1875 2415 d.
1903 2381 1937 2416 d.
1964 2381 2016 2425 n.]
2050 2381 2101 2415 III

403 2438 460 2476 22,
486 2437 529 2467 56
561 2434 573 2477 Η
605 2437 624 2466 6
657 2432 721 2467 sed
751 2432 789 2466 in
820 2431 972 2466 deorum
1091 2430 1298 2474 ignoratur]
1333 2440 1447 2464 exscr.
1482 2429 1666 2474 mythogr.
1694 2428 1727 2462 Π
1754 2433 1797 2462 41
1830 2429 1841 2472 ΙΙ
1875 2432 1919 2462 10
1952 2428 2102 2472 quidam

404 2492 490 2515 sane
518 2492 547 2514 e.
569 2492 600 2522 q.
622 2479 664 2523 s.]
692 2480 797 2513 Luot.
823 2478 923 2513 Plac.
951 2477 998 2511 ad
1026 2477 1116 2511 Stat.
1145 2477 1260 2511 Theb.
1287 2477 1338 2510 IV
1364 2480 1445 2512 482.
1484 2476 1667 2520 mythogr.
1694 2475 1728 2509 Π
1754 2479 1808 2509 41.
1848 2475 2011 2519 Ampelii
2037 2475 2101 2509 lib.

403 2539 511 2561 mem.
545 2527 594 2560 IX
627 2530 657 2560 5.
697 2526 741 2560 cf.
774 2525 966 2559 Munckeri
998 2524 1120 2559 adnot.
1155 2524 1200 2558 ad
1234 2524 1339 2568 Fulg.
1372 2523 1525 2567 mythol.
1560 2524 1574 2556 Ι
1607 2527 1652 2556 24
1683 2523 1694 2565 ΙΙ
1727 2525 1769 2555 15
1802 2522 1981 2566 hospitio]
2015 2522 2057 2556 A.
2085 2522 2100 2555 I

404 2578 470 2608 540
502 2575 513 2618 ΙΙ
547 2578 588 2607 16
615 2574 783 2617 cunctus]
812 2573 853 2606 A.
882 2574 893 2605 I
922 2576 988 2605 233
1021 2573 1032 2615 ΙΙ
1065 2575 1107 2605 18
1136 2571 1349 2616 Sallustius]
1377 2571 1461 2604 hist.
1489 2570 1620 2614 fragm.
1651 2569 1699 2603 ΙΙΙ
1727 2573 1769 2603 72
1804 2569 1918 2603 Kritz.
1950 2570 1962 2612 ΙΙ
1994 2573 2037 2603 20
2062 2569 2101 2602 in

403 2620 577 2665 Catilina]
606 2624 649 2653 10
668 2621 680 2663 ΙΙ
699 2624 742 2654 22
769 2619 879 2664 quae]
906 2619 947 2652 A.
969 2618 1053 2652 Vffl
1074 2622 1142 2653 385
1161 2619 1173 2662 1]
1192 2622 1236 2652 25
1257 2618 1358 2663 fatis]
1380 2619 1422 2651 A.
1444 2617 1528 2651 VIII
1550 2621 1617 2651 292
1638 2617 1649 2660 ΙΙ
1669 2619 1713 2650 29
1734 2627 1807 2650 non
1826 2616 1909 2661 nos]
1932 2617 1974 2650 A.
1996 2616 2012 2649 I
2033 2618 2099 2650 527

497 2743 517 2773 2
545 2738 728 2782 significat
752 2737 788 2770 B
815 2735 978 2779 signauit
1003 2736 1035 2769 L
1056 2737 1067 2779 ΙΙ
1092 2735 1179 2778 quia
1198 2734 1312 2769 Bm:
1341 2746 1435 2779 quae
1462 2734 1694 2768 KLPHM
1719 2734 1731 2777 ΙΙ
1763 2737 1785 2767 4
1803 2732 1924 2768 'micat
1948 2744 2012 2767 om.
2037 2733 2073 2766 P
2089 2732 2101 2778 Η

403 2786 539 2821 transit
563 2786 612 2819 P:
637 2783 785 2819 transiit
812 2784 867 2817 (Σἦῖ
893 2784 937 2825 cf.
964 2782 1153 2817 Ribbeck-iz·
1178 2783 1339 2817 adnotat.
1367 2784 1415 2817 ad
1440 2783 1532 2817 Aen.
1552 2782 1585 2815 V
1611 2785 1680 2815 274
1700 2782 1711 2824 ΙΙ
1731 2784 1750 2814 5
1779 2781 1826 2814 ad
1851 2792 1881 2814 v.
1904 2784 1970 2814 297
1997 2780 2098 2814 Haec

404 2834 456 2868 ait
482 2835 519 2868 et
543 2832 643 2867 Maia
669 2830 850 2876 genitum]
883 2829 1114 2863 Mercurium.
1143 2830 1178 2862 P
1203 2831 1215 2873 Η
1248 2833 1288 2863 11
1324 2829 1424 2864 Caeli
1450 2829 1555 2862 Luet.
1584 2829 1685 2863 Plae.
1712 2831 1743 2861 et
1767 2827 1959 2873 mythoyr.:
1995 2826 2099 2861 Coeti

406 2880 435 2915 C
462 2882 473 2924 Η
502 2884 541 2914 12
569 2879 665 2914 Iovis
692 2880 730 2913 et
755 2877 924 2922 Cyllenes
940 2877 1053 2914 Luct.
1081 2876 1180 2910 Plae.
1208 2879 1239 2910 et
1264 2877 1454 2921 mytlzoyr..·
1481 2875 1641 2919 Cyllenis
1668 2874 1698 2908 C
1720 2875 1731 2918 Η
1759 2877 1799 2908 15
1828 2875 2000 2918 sequetur
2025 2873 2067 2907 K
2096 2872 2100 2918 Ι

407 2932 447 2962 17
477 2939 549 2961 non
574 2926 668 2960 nulli
695 2936 781 2960 sane
809 2954 814 2960 .
839 2953 844 2959 .
868 2953 874 2959 .
902 2923 1017 2968 portis
1039 2927 1121 2967 post
1147 2922 1349 2967 hospitium
1376 2924 1456 2959 hab.
1480 2923 1509 2956 C
1524 2923 1536 2966 ΙΙ
1557 2926 1598 2956 19
1621 2921 1754 2956 effusas
1773 2921 1874 2955 urbis
1893 2921 2063 2955 Kritzins
2094 2920 2097 2963 l

405 2980 447 3008 23
476 2975 523 3008 ad
550 2986 577 3007 r.
606 2978 673 3007 299
699 2972 754 3007 Ne
787 2971 855 3006 fati
885 2971 1011 3005 nescia
1036 2970 1145 3015 Dido]
1181 2981 1253 3003 non
1285 2970 1339 3003 sui
1373 2998 1408 3006 ..
1432 2999 1438 3005 .
1474 2969 1572 3013 quod
1603 2968 1729 3012 utique
1761 2967 1960 3012 ignorabat
1990 2967 2097 3001 Dido.

412 3022 442 3053 I'
465 3023 475 3064 ΙΙ
507 3025 551 3055 ⁴24
577 3020 713 3055 vitaret
739 3019 944 3053 Maec-icius
969 3029 1114 3061 eumque
1137 3018 1249 3050 secuti
1273 3017 1514 3051 Burmannus
1539 3019 1570 3050 et
1596 3015 1694 3050 Lion
1711 3016 1723 3059 ΙΙ
1743 3018 1786 3049 25
1813 3013 1910 3049 Iovis
1938 3042 1944 3048 .
1967 3043 1972 3048 .
1996 3041 2002 3047 .
2030 3013 2097 3047 ini-

404 3079 497 3111 quae
524 3079 589 3102 om.
615 3068 650 3100 R
680 3068 692 3111 ΙΙ
724 3072 767 3101 26
796 3066 975 3100 uenerunt
994 3065 1070 3098 BL
1102 3065 1114 3108 ss
1145 3068 1188 3097 28
1214 3065 1255 3097 ut
1282 3064 1478 3098 Sallustius
1504 3062 1673 3098 meminit
1699 3089 1705 3096 .
1728 3089 1735 3096 .
1758 3089 1764 3095 .
1793 3061 1919 3096 sedum
1945 3071 2011 3096 om.
2030 3060 2065 3094 B
2084 3060 2096 3105 Λ

406 3119 448 3148 29
476 3114 600 3148 sedum
632 3114 733 3147 KH.-
760 3113 899 3147 scdium
928 3112 1013 3145 LH
