2132 3354
776 675 1199 722 PRAEFATIO.
1611 715 1629 725 -

255 802 484 844 Librorum
529 818 657 844 manu
700 803 976 857 scriptorum,
1021 803 1174 858 quibus
1208 801 1404 844 Serviani
1450 803 1521 857 qui
1560 803 1751 844 feruntur
1792 805 1835 845 in

137 871 321 927 Vergilii
367 874 556 914 carmina
600 873 896 915 commentarii
940 888 1054 915 nono
1100 875 1143 914 et
1188 873 1349 914 decimo
1396 874 1565 915 saeculo
1604 877 1834 930 propagati

138 945 254 996 sunt,
285 943 441 997 duplex
474 946 539 985 est
571 957 717 998 genus.
759 944 932 985 alterius
966 944 1133 998 generis
1167 944 1306 997 libris,
1340 959 1520 998 quorum
1554 960 1734 1001 magnus
1768 950 1833 988 est

134 1028 355 1067 numerus,
395 1029 443 1055 ea
481 1015 752 1056 continentur
790 1029 896 1069 quae
935 1014 981 1055 in
1018 1014 1099 1055 hoc
1142 1014 1375 1068 exemplari
1407 1015 1535 1056 rectis
1566 1015 1723 1057 litteris
1756 1016 1831 1058 im-

133 1099 282 1137 pressa
314 1087 426 1126 sunt.
467 1085 534 1126 his
562 1084 700 1127 Servii
732 1085 1004 1140 grammatici
1037 1099 1192 1126 nomen
1224 1085 1473 1139 plerumque
1507 1087 1549 1126 et
1574 1086 1829 1140 inscriptum

134 1157 200 1196 est
233 1157 274 1196 et
307 1155 608 1210 subscriptum.
658 1156 834 1197 alterius
864 1156 1031 1211 generis
1058 1156 1292 1210 codicibus,
1327 1156 1399 1210 qui
1424 1156 1550 1210 pauci
1578 1160 1677 1198 sunt
1704 1161 1831 1212 atque

133 1228 304 1279 praeter
342 1241 473 1267 unum
513 1241 661 1268 omnes
699 1227 745 1267 in
776 1226 916 1267 media
948 1226 1152 1268 Franciae
1184 1228 1307 1280 parte
1341 1227 1488 1281 scripti
1522 1227 1590 1268 vel
1624 1231 1736 1269 certe
1769 1229 1829 1269 111-

132 1297 266 1350 venti,
297 1297 484 1350 primum
514 1311 616 1338 usus
651 1300 715 1338 est
740 1297 894 1338 Petrus
921 1297 1077 1338 Daniel
1103 1297 1441 1351 Aurelianensis,
1476 1298 1547 1352 qui
1575 1313 1685 1340 anno
1717 1299 1829 1340 1600

130 1367 308 1409 Parisiis
349 1366 543 1409 Servium
582 1367 725 1408 edidit.
776 1382 825 1408 ex
864 1367 930 1408 his
970 1367 1329 1423 Lemovicensisl)
1369 1366 1412 1416 (a
1444 1368 1536 1410 buc.
1567 1368 1629 1409 IV
1665 1371 1685 1410 1
1720 1372 1830 1423 operi

130 1452 220 1492 erqo
251 1452 333 1479 non
364 1439 527 1479 maiora
557 1438 628 1479 sed
648 1438 778 1491 paulo
810 1439 973 1480 maiora
1006 1438 1058 1480 ad
1089 1452 1233 1494 georg.
1265 1439 1286 1479 Ι
1313 1440 1396 1480 279
1422 1454 1499 1492 per
1530 1453 1664 1481 coeam
1695 1444 1828 1482 mntem

129 1512 166 1550 ct
204 1508 415 1563 typhoeum
452 1512 489 1549 et
521 1509 697 1561 {ap-etum
729 1522 864 1550 omnes
891 1510 1076 1562 yiyavztes
1106 1507 1413 1565 intelleyz‘mus)‚
1455 1509 1724 1564 Fulde11sis2)
1757 1509 1827 1566 (ad

130 1578 234 1621 Aen.
271 1579 292 1620 I
330 1583 373 1621 et
409 1579 488 1634 II),
526 1578 854 1636 Floriacensis3)
893 1578 964 1634 (ad
1004 1579 1110 1620 Aen.
1147 1579 1375 1634 III-XII)
1408 1583 1578 1633 praeter
1618 1595 1826 1622 commen-

133 1651 288 1691 tarium
325 1650 479 1703 prioris
520 1650 681 1691 ordinis
721 1650 844 1691 libris
885 1652 1100 1691 servatum
1133 1664 1182 1691 ea
1215 1651 1434 1692 continent
1468 1666 1576 1706 quae
1608 1652 1824 1693 inclinatis

131 1720 289 1761 litteris
333 1720 620 1774 imprimenda
664 1721 824 1762 curavi:
867 1721 1019 1775 quibus
1065 1721 1318 1762 commentis
1351 1737 1488 1776 neque
1523 1721 1659 1764 Servii
1690 1738 1826 1778 neque

128 1790 256 1832 ullius
290 1791 455 1845 antiqui
487 1778 733 1845 interpretis
766 1806 922 1833 nomen
949 1794 1023 1832 aut
1042 1791 1298 1846 inscriptum
1319 1796 1393 1834 aut
1414 1793 1703 1847 subscriptum
1731 1809 1822 1836 esse

128 1876 292 1903 moneo.
341 1876 429 1903 non
461 1861 629 1903 videtur
661 1864 760 1903 ante
792 1877 917 1916 posse
951 1864 1050 1916 apte
1084 1862 1134 1903 de
1155 1861 1291 1903 Servii
1318 1864 1445 1905 rebus
1474 1867 1516 1906 et
1543 1865 1696 1906 studiis
1720 1865 1824 1907 Ver-

128 1933 299 1987 gilianis
331 1933 567 1987 horumque
600 1932 809 1974 memoria
841 1933 1071 1987 disputari,
1103 1948 1230 1987 quam
1262 1935 1571 1989 investigatum
1603 1936 1659 1977 sit
1688 1938 1823 1978 utrius

127 2002 293 2056 generis
339 2002 440 2043 libri
487 2017 512 2044 a
550 2003 735 2057 genuina
773 2002 968 2045 Serviani
1012 2005 1308 2046 commentarii
1345 2006 1597 2061 integritate
1648 2008 1823 2062 propius

127 2074 276 2115 abesse
307 2072 585 2130 videantur.4)

243 2143 307 2185 De
340 2159 389 2186 ea
428 2145 677 2199 quaestione
716 2146 874 2187 mirum
913 2148 977 2187 est
1015 2161 1144 2201 quam
1182 2147 1322 2188 variae
1363 2148 1449 2189 sint
1480 2148 1822 2191 doctissimorum

125 2215 348 2257 hominum
381 2230 592 2271 quamque
625 2217 915 2272 discrepantes
949 2218 1198 2259 sententiae.
1262 2221 1389 2273 atque
1421 2218 1604 2260 Petrus
1638 2219 1821 2262 Daniel

126 2285 217 2340 ipse
250 2287 605 2328 commentarium
632 2302 757 2342 quem
785 2302 806 2329 e
834 2288 920 2329 suis
946 2288 1069 2329 libris
1097 2292 1270 2331 auctum
1297 2289 1490 2331 ediderat
1514 2291 1656 2332 noluit
1680 2293 1821 2333 totum

128 2354 275 2397 Servio
302 2357 453 2412 tribui,
495 2358 568 2399 sed
600 2360 801 2413 quoniam
833 2374 915 2401 non
950 2361 1070 2401 nulla
1101 2375 1248 2402 eorum
1282 2376 1389 2416 quae
1423 2362 1613 2416 vulgatis
1646 2363 1820 2404 scholiis

125 2427 271 2469 addita
301 2428 521 2471 invenerat
553 2430 642 2472 illis
676 2430 835 2472 similia
867 2445 958 2472 esse
991 2432 1164 2474 videbat
1198 2447 1303 2487 quae
1329 2432 1573 2474 Macrobius
1599 2433 1645 2474 in
1672 2432 1820 2475 Satur-

220 2558 252 2600 1)
278 2568 375 2591 nunc
400 2557 438 2591 in
464 2556 635 2592 Leidensi
659 2558 890 2594 bibliotheca
914 2558 1115 2594 Vossianus
1142 2564 1196 2595 80.
1296 2562 1330 2604 2)
1357 2572 1453 2594 1111110
1481 2559 1722 2596 Cassellanus.

123 2610 158 2653 3)
179 2621 275 2644 nunc
294 2608 489 2644 Bernensis
512 2615 577 2646 172
599 2613 701 2657 (Aen.
720 2612 867 2655 IlI-V)
889 2612 927 2647 et
944 2612 1131 2648 Parisinus
1147 2618 1236 2649 7929
1258 2613 1362 2658 (Aen.
1375 2613 1565 2657 Vi-Xln
1634 2619 1673 2658 4)
1702 2615 1819 2650 Servii

123 2662 272 2696 nomine
305 2664 483 2706 quantum
514 2664 593 2699 fieri
625 2666 773 2710 poterat
803 2665 922 2700 vitato
957 2665 1091 2710 prioris
1126 2667 1271 2710 generis
1304 2667 1417 2701 libros
1444 2667 1629 2701 breviores
1655 2668 1713 2702 vcl
1740 2668 1817 2701 vul-

122 2715 228 2760 gatos
261 2715 352 2759 dixi,
387 2727 480 2760 quae
514 2716 566 2752 eis
600 2717 835 2753 continentur
866 2718 1076 2753 breviorem
1108 2719 1168 2753 Vel
1201 2719 1395 2763 vulgatum
1429 2720 1731 2754 commentarium
1759 2721 1817 2754 vol

122 2767 277 2812 vulgata
304 2768 454 2804 scholia.
513 2769 762 2805 Cassellanum
789 2771 999 2815 similesque
1026 2771 1140 2807 libros
1166 2771 1350 2816 pleniores
1377 2773 1436 2806 Vel
1462 2772 1676 2806 Danielinos
1702 2773 1816 2806 nomi-

122 2821 224 2864 navi,
265 2823 570 2858 commentarium
596 2823 647 2858 eis
675 2825 860 2859 servatum
892 2824 1095 2869 pleniorem
1128 2825 1204 2859 sive
1238 2825 1456 2869 ampliorem
1478 2825 1554 2859 sive
1568 2825 1814 2859 Danielinum.

123 2873 269 2918 singula
302 2874 444 2910 scholia
478 2887 571 2919 quae
597 2876 635 2910 in
662 2876 888 2920 plenioribus
915 2877 1104 2912 codicibus
1132 2878 1268 2920 extant,
1296 2878 1333 2912 in
1360 2877 1522 2920 vulgatis
1549 2877 1815 2921 desiderantur,

125 2924 339 2961 Oassellana
371 2928 431 2969 (ad
462 2929 552 2963 Aen.
579 2928 595 2962 1
623 2931 659 2963 et
684 2929 732 2973 ΙΙ)
767 2931 804 2963 et
834 2930 1083 2966 Floriacensia
1110 2931 1170 2974 (ad
1197 2932 1286 2965 Aen.
1314 2929 1493 2973 111-X11)
1525 2930 1582 2964 vel
1608 2930 1814 2974 Danielina,

123 2989 205 3013 eum
243 2980 307 3024 qui
343 2980 549 3025 pleniorem
588 2983 894 3017 commentarium
936 2984 1144 3028 composuit
1182 2995 1254 3018 non
1294 2983 1405 3017 nullis
1444 2982 1533 3018 locis
1572 2983 1649 3018 eius
1688 2986 1812 3019 aucto-

122 3042 199 3066 rem
225 3031 311 3066 dixi.
