2204 3437
405 144 490 184 394
1171 142 1328 177 SERVII

403 251 585 302 Priami,
622 265 712 293 cnm
744 252 926 305 Epirum
957 252 1263 304 sacrificaturus
1294 250 1551 304 applicasset,
1590 251 1657 292 bos
1686 251 1919 294 vulneratus
1949 266 2097 294 mamis

403 323 678 364 ministrantis
715 323 850 364 evasit.
914 326 951 363 el
986 323 1032 364 in
1068 336 1110 364 co
1149 323 1228 363 loco
1266 322 1336 363 ubi
1372 321 1438 362 bos
1475 322 1614 362 cecidit
1649 321 1785 363 urbem
1823 336 1871 363 cx
1908 336 2094 376 responso

404 394 620 443 constitnit,
655 408 779 446 quam
810 407 836 434 a
867 393 1028 434 vulnere
1053 393 1161 434 bovis
1180 392 1433 433 Buthrotium
1458 392 1687 445 appellavit.
1717 393 1856 445 posita
1881 396 1939 434 est
1962 397 2097 434 autem

407 466 449 505 in
480 478 578 506 saxo
610 466 716 517 qnod
745 465 854 505 mari·
885 465 1072 517 cinyitur,
1104 465 1150 505 in
1180 477 1256 516 qno
1285 463 1380 515 fons
1409 462 1729 504 huius-uatium
1754 477 1834 505 esse
1852 463 2097 516 perhibetur,

359 541 378 571 5
406 539 461 589 «ut,
493 549 583 576 cum
615 549 728 576 mare
759 536 938 588 quietum
966 535 1105 586 fuerit,
1138 537 1302 585 crescat,
1334 547 1425 575 cum
1456 547 1545 574 vero
1575 533 1763 586 fluctibus
1793 534 2004 588 attollitur,
2035 535 2097 576 dc-

334 895 377 925 10

336 1249 376 1279 15

410 610 567 647 crescat.

521 677 617 718 294.
668 689 980 719 INGREDIBILIS
1013 689 1169 718 RERVM
1201 688 1326 717 FAMA
1358 675 1673 717 incredibilium
1703 690 1844 717 rerum
1875 676 2003 718 fama.
2055 679 2097 718 et

403 747 509 788 bene
542 761 628 788 non
659 748 812 789 credit:
844 747 953 789 unde
986 750 1029 788 et
1060 749 1212 801 postea
1244 746 1386 800 <319>
1420 747 1660 800 interrogat
1692 746 1915 801 Pyrrhin
1946 761 2094 789 conu-

402 818 488 859 bia
520 819 725 860 servas?

523 889 619 930 295,
669 906 887 931 remmom*
913 906 1105 932 HELENVM
1138 888 1209 930 lioc
1248 891 1373 930 totum
1405 902 1496 930 cum
1526 889 1797 930 admiratione
1820 890 2096 941 pronuntian-

404 961 501 1002 dum
532 964 597 1002 est.

521 1031 619 1072 297.
669 1042 839 1072 PATRIO
884 1042 1060 1072 MARITO
1106 1031 1224 1085 atqui
1258 1030 1462 1071 Thebana
1503 1029 1586 1071 fuit
1629 1031 1676 1072 de
1715 1030 1858 1073 Thebis
1895 1030 2098 1085 Phi-was.

405 1101 478 1143 sed
510 1105 584 1143 aut
614 1102 879 1156 provinciam
911 1116 988 1156 pro
1020 1102 1163 1156 patria
1193 1101 1348 1155 posuit,
1381 1103 1428 1142 ut
1454 1101 1501 1155 <I
1522 1101 1636 1155 380>
1668 1101 1876 1143 Italiam
1909 1116 2098 1156 quaero

404 1172 643 1227 patriam,
693 1172 797 1213 item
830 1170 1062 1213 Sallustius
1100 1171 1406 1225 Hispaniam
1448 1172 1547 1213 sibi
1585 1173 1807 1226 patriam
1848 1187 1974 1214 esse:
2026 1175 2098 1214 aut

405 1245 517 1285 certe
551 1243 780 1284 secundum
812 1243 876 1283 ius
909 1242 1076 1284 locutus
1110 1245 1186 1296 est,
1219 1243 1317 1296 quia
1347 1258 1454 1284 uxor
1487 1243 1567 1284 viri
1601 1243 1866 1285 domicilium
1893 1243 2096 1298 sequitur,

404 1315 549 1355 iuncta
586 1327 686 1368 ergo
719 1313 897 1354 Hectori
934 1314 1047 1354 facta
1080 1313 1266 1354 Troiana
1305 1316 1388 1367 est3
1433 1328 1533 1354 nam
1572 1318 1614 1355 et
1647 1313 1868 1356 ‘cessisse'
1914 1313 1963 1355 de
2008 1315 2098 1355 iure

407 1387 487 1437 est,
534 1385 624 1425 cedi
663 1385 776 1425 enim
813 1384 1027 1425 hereditas
1067 1384 1232 1425 dicitur.
1294 1398 1383 1437 67ῃο
1420 1385 1561 1426 merito
1598 1385 1705 1426 dicta
1743 1389 1800 1427 cst
1829 1385 1985 1426 Hele-no
2023 1385 2100 1426 civi

405 1456 597 1508 nupsisse.
690 1466 896 1497 CESSISSE
924 1466 1100 1496 MARITO
1127 1456 1184 1496 sic
1208 1455 1278 1505 ecit,
1309 1457 1354 1495 nt
1378 1455 1572 1496 dicimus:
1604 1469 1653 1496 ex
1683 1455 1898 1497 hereditate
1924 1458 2100 1508 paterna

409 1527 512 1567 illud
540 1526 643 1567 milii
673 1527 797 1568 cessit.
860 1526 1180 1568 consuetudinis
1211 1539 1310 1567 sane
1340 1525 1485 1579 regiae
1518 1526 1613 1580 fuit,
1646 1529 1694 1567 ut
1725 1527 1966 1581 legitimam
1998 1541 2100 1568 uxo-

407 1613 497 1638 rem
529 1612 616 1639 non
647 1597 867 1652 habentes,
901 1597 1089 1651 aliquam
1122 1597 1222 1638 licet
1254 1596 1480 1651 captivam,
1511 1599 1657 1638 tamen
1690 1612 1766 1652 pro
1800 1597 1995 1652 legitima
2025 1597 2099 1638 ha-

407 1669 575 1722 berent,
620 1668 723 1709 adeo
769 1670 816 1709 ut
860 1668 986 1708 liberi
1033 1683 1083 1708 ex
1128 1667 1224 1722 ipsa
1266 1667 1359 1708 nati
1405 1667 1689 1709 succederent.
1752 1668 1945 1722 Pyrrhus
1990 1667 2099 1709 hanc

408 1739 529 1793 quasi
562 1739 802 1793 legitimam
834 1738 987 1779 habuit
1020 1740 1061 1778 et
1095 1752 1144 1778 ex
1178 1752 1226 1778 ea
1259 1737 1395 1778 filium
1427 1736 1665 1779 Molossum
1699 1738 1896 1792 suscepit.
1946 1740 2098 1792 postea

408 1825 500 1851 cum
533 1810 662 1851 vellet
694 1809 974 1863 Hermionen,
1005 1808 1191 1850 Menelai
1224 1811 1266 1850 et
1297 1808 1487 1850 Helenae
1518 1809 1671 1864 filiam,
1710 1808 1850 1850 Oresti
1883 1809 1968 1850 iam
2000 1811 2098 1850 ante

407 1881 728 1935 desponsatam,
773 1880 924 1921 ducere
968 1893 1162 1932 uxorem,
1207 1877 1370 1920 Orestis
1415 1878 1582 1920 insidiis
1626 1879 1671 1920 in
1704 1880 1867 1934 templo
1899 1878 2098 1934 Delphici

410 1952 625 2005 Apollinis
667 1951 829 1992 occisus
872 1953 948 1992 est.
1010 1965 1157 2000 verum
1200 1949 1385 1990 moriens
1426 1949 1662 2004 praecepit,
1706 1954 1753 1990 ut
1786 1950 2097 2004 Andromache,

408 2037 515 2076 quae
555 2022 666 2076 apud
705 2036 800 2062 eum
839 2021 1031 2076 coniugis
1071 2021 1212 2062 locum
1250 2022 1464 2074 tenuerat,
1507 2009 1671 2062 Heleno
1710 2021 1883 2062 daretur
1920 2024 2096 2075 propter

410 2107 538 2146 supra
571 2092 640 2146 <H
676 2092 786 2145 166>
820 2091 979 2133 dictum
1011 2091 1280 2144 beneficium,
1326 2105 1408 2144 quo
1443 2105 1538 2131 eum
1572 2106 1596 2132 a
1627 2091 1920 2145 navigatione,
1963 2092 2098 2133 ceteris

410 2163 578 2205 Graecis
611 2163 912 2217 naciycmtibus,
944 2176 1041 2215 quos
1073 2165 1282 2214 tamquam
1314 2164 1419 2203 vates
1449 2161 1596 2202 sciebat
1627 2164 1853 2214 tempestate
1876 2162 2094 2214 perituros,

408 2234 696 2288 prohibuerat.
747 2233 845 2275 inde
876 2233 1039 2274 factum
1072 2235 1148 2287 est,
1180 2235 1228 2273 ut
1260 2234 1425 2274 teneret
1455 2246 1634 2287 regnum
1666 2232 1870 2286 privigni,
1903 2232 1976 2286 qui
2009 2246 2099 2273 suc-

506 2390 548 2419 14
576 2384 789 2429 Sallustius]
817 2384 902 2419 hist.
929 2384 1061 2429 fragm.
1087 2385 1103 2418 Ι
1129 2388 1171 2418 59
1198 2384 1258 2419 Kr.
1284 2384 1296 2427 l}
1323 2388 1365 2418 19
1393 2383 1665 2418 consuetudinis
1690 2382 1814 2427 regiae
1840 2381 1912 2416 fuit
1938 2394 1967 2417 e.
1995 2394 2028 2426 q.
2055 2382 2098 2428 s.]

409 2433 734 2514 Ι68Χὶῗ161κο11111ξ11183ἒ
764 2433 865 2513 ἐϋ,
901 2432 931 2466 II
960 2435 1038 2466 208.
1080 2430 1166 2465 cf..l
1196 2435 1261 2466 140
1299 2432 1310 2474 ΙΙ
1348 2435 1390 2465 29
1423 2430 1506 2465 inde
1540 2429 1680 2465 factum
1712 2432 1768 2465 est
1794 2441 1822 2464 e.
1853 2442 1886 2474 q.
1913 2429 1957 2475 s.]
1985 2440 2096 2464 exscr.

487 2508 492 2514 .
563 2507 570 2514 .
598 2506 611 2513 1
732 2508 739 2523 ,

411 2622 597 2656 attollitur
621 2622 700 2655 hab.
718 2621 757 2654 F
773 2622 784 2665 l}
806 2625 821 2654 1
838 2632 988 2664 epyrum
1009 2620 1040 2653 T
1056 2621 1067 2663 ss
1087 2624 1106 2653 3
1129 2619 1300 2654 buthrote
1325 2619 1357 2652 Τ
1375 2620 1386 2663 ΙΙ
1405 2618 1525 2662 posita
1551 2619 1674 2652 autem
1700 2619 1756 2652 est
1777 2618 1816 2652 F
1831 2618 1842 2661 ΙΙ
1861 2622 1883 2651 4
1907 2617 2000 2652 mari
2019 2618 2097 2652 Da-

412 2670 500 2703 niel:
526 2679 625 2702 mare
654 2668 693 2701 F
723 2679 826 2701 muro
857 2668 888 2700 T
912 2668 923 2711 ΙΙ
949 2671 968 2701 5
996 2678 1082 2701 vero
1109 2666 1279 2701 fluctibus
1305 2676 1370 2700 om.
1401 2666 1432 2699 T
1449 2667 1461 2710 ΙΙ
1480 2666 1670 2700 decrescat
1694 2676 1760 2700 om.
1786 2665 1834 2706 F,
1855 2668 1938 2708 post
1964 2664 2100 2699 attolli-

410 2718 469 2750 tur
493 2717 578 2750 hacc
605 2716 740 2749 addens
766 2714 895 2748 Litora
920 2714 1076 2748 chaonio
1104 2713 1261 2747 chaonia
1287 2715 1410 2747 autem
1431 2724 1452 2747 a
1473 2713 1612 2747 chaone
1632 2714 1674 2746 ut
1693 2711 1757 2746 alii
1776 2711 1971 2756 perhibent
1988 2712 2101 2746 fratre

411 2765 453 2797 nt
478 2763 542 2797 alii
568 2762 667 2797 socio
693 2762 822 2796 helene
850 2763 928 2804 (sic)
953 2761 991 2795 in
1017 2760 1212 2795 uenatione
1240 2760 1401 2794 extincto
1428 2760 1529 2794 locus
1556 2759 1775 2804 appellatus.
1815 2759 1859 2800 cf.
1884 2759 1934 2792 acl
1952 2769 1981 2792 v.
2001 2762 2068 2792 297
2100 2760 2101 2764 ’

412 2815 431 2845 S
459 2809 615 2844 credidit
636 2809 674 2843 F
681 2809 726 2843 Cl
745 2810 756 2852 1}
778 2813 820 2842 10
846 2821 1036 2842 ruminum
1057 2834 1086 2842 ..
1105 2835 1110 2841 .
1132 2806 1444 2851 pronuntiandum
1472 2808 1527 2841 est
1551 2818 1615 2841 om.
1643 2807 1780 2840 Daniel
1798 2807 1810 2850 ΙΙ
1832 2809 1872 2839 12
1895 2804 2014 2849 frigiis
2035 2804 2074 2838 F
2090 2806 2101 2849 ’11

413 2861 454 2890 13
483 2856 546 2890 sed
579 2867 642 2890 om.
673 2856 702 2889 (J
735 2858 746 2898 ῙΙ
783 2857 847 2889 aut
873 2884 880 2889 .
910 2884 915 2889 .
946 2885 951 2890 .
978 2854 1117 2899 posuit]
1145 2856 1209 2888 aut
1240 2853 1462 2898 provintiam
1494 2864 1558 2898 pro
1584 2853 1706 2898 patria
1731 2852 1853 2897 posuit
1879 2852 1942 2885 aut
1968 2851 2097 2895 proba-

412 2916 491 2937 mus
523 2915 588 2947 pro
622 2902 742 2947 patria
771 2902 809 2936 F
849 2903 913 2936 aut
943 2902 1140 2946 probamus
1172 2912 1238 2944 pro
1270 2901 1392 2944 patria
1425 2900 1454 2934 Ο
1481 2901 1493 2944 ΙΙ
1524 2900 1748 2944 prouintiam
1780 2898 1876 2932 HM
1905 2899 1916 2942 ΙΙ
1954 2898 2100 2932 ltaliam

412 2962 548 2993 quaero
576 2950 734 2993 patriam
760 2950 849 2983 item
876 2960 940 2984 ow.
968 2948 1008 2982 F
1014 2948 1044 2983 (J
1060 2950 1071 2992 ΙΙ
1092 2952 1134 2982 16
1161 2947 1325 2982 haectori
1353 2947 1482 2981 GHM
1501 2950 1512 2991 ΙΙ
1532 2947 1575 2981 de
1601 2947 1678 2981 iure
1705 2946 1857 2980 verbum
1883 2945 1938 2979 est
1963 2945 2002 2978 F
2002 2945 2098 2979 abri-

413 2999 489 3030 cius
525 2998 536 3040 ΙΙ
576 3001 616 3031 19
645 3008 731 3031 sane
757 2997 836 3030 hab.
867 2996 896 3030 (J
929 2996 941 3039 ΙΙ
978 3000 1021 3029 2-2
1049 2995 1242 3029 mollosum
1272 2995 1301 3028 C
1336 2995 1516 3029 molosum
1542 2994 1626 3027 LII
1652 2995 1664 3037 ΙΙ
1701 2997 1744 3027 23
1771 2991 1958 3026 hermione
1986 2992 2070 3025 LJI
2089 2991 2101 3036 Η

413 3048 457 3076 24
483 3044 726 3088 dcnsponsam
760 3043 799 3077 F
834 3043 1054 3087 desponsam
1081 3042 1111 3076 C
1144 3043 1156 3085 ΙΙ
1194 3045 1237 3075 2ss
1270 3041 1434 3086 daretur]
1467 3051 1561 3084 quae
1592 3039 1736 3084 peperit
1769 3039 1969 3073 Molossum
2000 3038 2100 3082 prius

414 3090 550 3133 Pnrho
578 3091 719 3124 addidit
736 3090 972 3125 Oommelinus
990 3091 1002 3133 ΙΙ
1022 3093 1065 3123 29
1091 3088 1306 3133 prohibei-at
1328 3087 1366 3121 F
1381 3090 1393 3132 11
1411 3087 1570 3132 teneret]
1585 3087 1746 3121 Helenus
1766 3086 1848 3121 add.
1865 3085 2101 3121 Oommelinus
