2204 3437
817 189 1101 225 PRAEFATIO.
1621 186 1803 220 LXXXIX

117 302 242 357 addo,
275 303 318 343 in
350 303 531 357 septimo
566 304 607 342 ct
645 301 695 342 iis
735 300 806 354 qui
839 299 891 340 ad
923 298 1191 339 undecimum
1231 298 1466 349 sequuntur
1504 295 1626 336 libris
1666 310 1801 349 pauca

114 374 353 428 pleniorum
384 373 592 414 librorum
626 372 786 413 scholia
825 370 870 411 in
902 368 1167 424 marginibus
1207 367 1259 408 ab
1293 367 1379 407 alia
1418 380 1548 406 manu
1587 365 1803 420 adscripta

116 459 218 486 esse.
284 444 541 485 Thomasius
592 443 702 484 essai
751 457 790 496 p.
835 441 917 482 179
958 453 1045 493 sqq.
1091 439 1279 480 codicem
1326 439 1521 479 accurate
1568 435 1802 489 descripsit.

115 515 227 556 idem
266 515 316 556 de
353 515 529 569 reliquis
563 513 699 556 Servii
737 512 952 554 codicibus
994 511 1066 564 qui
1108 510 1277 563 quidem
1318 509 1362 549 in
1403 506 1612 548 Parisinis
1653 499 1803 548 biblio'-

116 586 252 627 thecis
286 585 566 627 adservantur
598 585 623 625 l.
656 584 680 624 l.
713 598 751 637 p.
785 583 869 623 303
904 596 992 636 sqq.
1025 580 1354 635 diligentissime
1386 578 1640 632 disputavit,
1674 592 1721 618 ac
1752 592 1804 617 ne

117 671 188 698 eos
217 656 386 710 quidem
412 655 603 709 neglexit
635 669 740 708 quos
773 653 818 693 in
851 652 948 693 aliis
989 650 1155 692 Galliae
1194 649 1469 691 bibliothecis
1509 651 1653 689 extare
1693 648 1807 688 audi-

116 727 194 780 vit,
226 727 337 768 inter
369 740 473 780 quos
507 724 578 780 (cf.
605 724 876 779 supplement
907 738 945 777 Ρ.
966 720 1171 775 XXVIII)
1199 713 1515 762 Bononiensem
1547 718 1806 773 (Boulogne-

117 795 315 852 sur-mer)
347 797 524 837 membr.
556 796 627 837 fol.
661 809 767 837 saec.
800 794 839 835 X
871 793 1122 847 integritate
1155 794 1374 846 praestare
1407 791 1521 831 dicit.

233 874 352 915 Inter
392 872 628 914 Vaticanos
672 875 714 913 et
758 871 1068 912 Laurentianos
1116 869 1249 910 libros
1293 868 1365 922 qui
1405 870 1574 921 praeter
1615 867 1715 908 illos
1757 868 1805 907 (le

117 946 268 1001 quibus
302 959 430 998 supra
462 944 547 984 dixi
586 942 885 984 memorabiles
919 943 1017 982 sunt
1050 940 1100 981 ad
1141 939 1434 980 bucolicorum
1475 941 1601 992 atque
1640 937 1806 992 georgi-

117 1031 264 1058 corum
314 1014 645 1056 commentarios
688 1013 871 1053 maxime
914 1013 1126 1065 spectant‚
1168 1010 1301 1051 veluti
1343 1009 1441 1051 Vat.
1483 1009 1614 1061 3317,
1656 1008 1806 1062 Regin.

121 1087 250 1141 1495,
282 1086 406 1127 Laur.
438 1084 544 1139 plut.
577 1083 634 1124 45
667 1083 755 1124 cod.
790 1080 885 1136 141)
921 1080 993 1137 (cf.
1025 1096 1131 1122 mus.
1164 1080 1299 1121 Rhen.
1320 1079 1422 1120 XIV
1455 1095 1493 1133 p.
1527 1079 1624 1132 542,
1656 1078 1737 1119 XV
1769 1094 1809 1132 p.

120 1157 234 1213 119).
289 1156 369 1197 hoc
405 1156 499 1196 loco
539 1169 668 1195 unum
707 1153 998 1194 Palatinum
1043 1152 1154 1193 1646
1195 1151 1567 1192 membranaceum
1610 1164 1716 1191 saec.
1748 1149 1808 1189 XI

116 1229 308 1281 nomino,
341 1241 441 1282 qiua
467 1224 771 1267 commentario
812 1226 960 1264 contra
998 1236 1162 1263 morem
1202 1221 1455 1274 inscriptum
1495 1223 1559 1261 est
1599 1231 1807 1261 COMMEN-

117 1311 213 1341 TVM
245 1310 397 1340 SERVII
428 1307 720 1338 GRAMMATICI
754 1306 900 1336 SVPER
935 1308 966 1335 e.
1000 1308 1038 1348 q.
1072 1308 1102 1334 s.
1137 1294 1178 1333 et
1210 1292 1309 1346 quia
1342 1290 1447 1332 Aen.
1468 1291 1488 1331 I
1523 1291 1543 1331 1
1579 1289 1691 1345 (Ρ.Ξ)
1693 1289 1810 1344 ,13)

118 1371 254 1412 altera
287 1383 438 1410 manus
473 1382 602 1422 supra
634 1380 805 1407 versum
827 1364 1001 1418 scripsit
1033 1363 1075 1404 id
1109 1362 1221 1417 quod
1248 1377 1395 1403 verum
1430 1364 1494 1403 est
1526 1362 1684 1415 {nanim
1718 1376 1812 1402 cum

115 1441 234 1496 prior
267 1439 468 1482 exhibeat
500 1439 547 1480 in
576 1437 692 1479 hanc.

234 1517 512 1558 Leidenses
545 1514 683 1556 Servii
715 1513 881 1555 codices
914 1527 1174 1567 quamquam
1215 1527 1239 1552 a
1277 1525 1343 1551 me
1376 1525 1462 1551 non
1495 1511 1594 1550 sunt
1633 1507 1815 1549 adhibiti

116 1592 262 1630 tamen
293 1587 490 1628 videntur
516 1586 596 1627 hoc
616 1585 711 1626 loco
734 1583 1099 1625 commemorandi
1120 1597 1229 1632 esse,
1263 1581 1362 1636 quia
1382 1581 1653 1622 Burmannus
1682 1579 1814 1633 scrip-

117 1660 225 1701 turis
267 1673 414 1700 eorum
458 1672 482 1698 a
526 1656 706 1698 Nicolao
757 1655 936 1696 Heinsio
984 1654 1169 1696 enotatis
1214 1668 1316 1694 usus
1356 1655 1433 1693 est.
1491 1650 1813 1704 antiquissimus

117 1745 265 1772 eorum
298 1732 362 1770 est
394 1743 476 1769 ms.
509 1728 592 1769 lat.
631 1727 752 1768 bibl.
790 1727 923 1781 publ.
945 1726 1000 1767 :32
1033 1725 1210 1766 membr.
1242 1724 1315 1765 fol.
1355 1737 1461 1764 saec.
1494 1721 1566 1763 IX.
1598 1721 1814 1762 continen—

117 1804 188 1843 tur
215 1815 263 1843 eo
291 1799 585 1841 commentarii
612 1798 664 1839 ad
691 1797 795 1839 Aen.
821 1797 861 1838 V
883 1797 938 1837 93
970 1810 1159 1837 DEPASTA
1190 1795 1345 1836 altaria
1376 1807 1487 1836 nona
1518 1806 1659 1834 senam
1689 1806 1815 1844 supra

121 1873 183 1913 ait
213 1871 432 1923 {ibamque
457 1871 579 1922 dapes
610 1868 680 1911 secl
708 1868 779 1910 hoc
816 1869 914 1910 dicit
944 1881 1077 1921 usque
1116 1866 1169 1908 ad
1207 1865 1312 1907 Aen.
1345 1864 1407 1905 XI
1439 1864 1524 1905 262
1562 1866 1608 1904 ἠέ
1646 1863 1814 1916 thyestes

119 1956 209 1984 cum
239 1955 403 2000 meropa
426 1941 585 1993 fratris.
637 1939 775 1993 quinti
795 1938 895 1980 libri
923 1935 1232 1979 commentario
1252 1936 1358 1977 haec
1385 1934 1634 1976 maiusculis
1654 1933 1812 1974 litteris

120 2012 360 2066 subscripta
393 2013 493 2053 sunt
523 2010 708 2063 Explicit
738 2010 836 2051 liber
867 2010 1034 2062 quintus
1065 2008 1360 2061 expositionum
1392 2005 1524 2047 Servii
1551 2005 1814 2058 araonmate'cc'

122 2085 164 2125 ιή
196 2083 344 2125 librum
374 2082 562 2135 quintum
593 2081 823 2122 Aenee‘dum
854 2080 1000 2132 incipit
1039 2079 1138 2120 liber
1173 2081 1310 2119 &emtus
1339 2077 1518 2129 feliciter.
1574 2075 1677 2116 noni
1714 2075 1814 2115 libri

120 2153 452 2197 commentarius
484 2154 602 2194 totus
636 2151 772 2204 deest7
804 2165 825 2191 e
859 2149 1022 2191 decimo
1055 2149 1167 2190 libro
1199 2148 1419 2202 perierunt
1460 2162 1507 2188 ea
1547 2160 1654 2200 quae
1688 2145 1739 2186 ad
1778 2160 1811 2185 v.

123 2225 350 2267 191—778
379 2223 596 2277 adscripta
627 2224 759 2263 erant.
816 2235 923 2276 quae
957 2235 1006 2262 ex
1033 2220 1113 2261 hoc
1140 2219 1283 2261 codice
1309 2218 1512 2259 Heinsius
1546 2219 1817 2270 excerpserat

121 2297 161 2338 V
194 2296 341 2337 littera
383 2295 572 2350 signavit
611 2293 905 2346 Burmannus,
945 2291 1018 2346 qui
1059 2291 1112 2332 ad
1145 2290 1250 2331 Aen.
1283 2289 1322 2330 V
1356 2290 1411 2330 93
1447 2289 1552 2329 haec
1593 2288 1816 2329 adnotavit

122 2367 228 2409 ‘tam
259 2367 331 2408 diu
369 2369 511 2407 czmcta
548 2366 638 2407 aris
678 2378 799 2417 super
833 2365 969 2416 posita
997 2363 1028 2415 f.
1060 2377 1089 2403 c.
1121 2361 1171 2403 R.
1203 2364 1245 2402 et
1276 2361 1327 2402 V.
1366 2361 1484 2402 cuius
1523 2359 1679 2401 codicis
1717 2358 1815 2398 hinc

121 2439 278 2480 iterum
319 2436 551 2478 varietates
597 2435 802 2476 Heinsius
839 2432 1041 2475 notavit'.
1099 2432 1149 2473 cf.
1193 2432 1246 2473 ad
1279 2431 1384 2473 Aen.
1417 2431 1457 2472 X
1492 2431 1570 2472 191
1617 2429 1815 2470 edeerant

120 2509 191 2550 hic
222 2509 405 2563 paginae
438 2507 602 2560 aliquot
633 2507 678 2547 in
709 2505 749 2546 V
782 2504 834 2546 ad
866 2519 902 2545 v.
938 2503 1064 2557 774⁷,
1098 2502 1151 2543 ad
1182 2503 1287 2544 Aen.
1325 2502 1386 2543 XI
1418 2502 1503 2543 262
1543 2501 1738 2552 ‘Meropa
1776 2499 1814 2538 V

123 2580 196 2634 qui
238 2579 369 2630 codex
412 2577 514 2619 hinc
545 2576 716 2619 deficit'.
758 2600 806 2605 -—
849 2590 931 2616 ms.
973 2574 1060 2615 lat.
1101 2573 1221 2614 bibl.
1263 2573 1395 2627 publ.
1440 2573 1493 2613 14
1534 2572 1605 2613 fol.
1639 2585 1746 2612 saec.
1778 2570 1813 2610 X

125 2650 227 2691 olim
258 2649 353 2690 Iani
384 2649 628 2703 Rutgersii7
661 2647 853 2689 continet
885 2645 929 2686 in
961 2645 1013 2685 51
1056 2644 1318 2685 membranis
1357 2642 1492 2684 Servii
1532 2639 1814 2683 ‘commenta'

125 2721 170 2762 in
203 2720 395 2762 bucolica
428 2720 630 2774 georgica
661 2717 766 2759 Aen.
804 2717 825 2759 I
859 2716 1001 2757 1—93
1039 2729 1138 2756 nam
1172 2715 1360 2756 incubare
1377 2715 1545 2768 proprie
1570 2714 1718 2754 dicitur
1741 2726 1817 2764 per

244 2921 276 2963 l)
302 2919 416 2954 habet
441 2919 502 2953 hic
529 2917 643 2953 codex
668 2918 754 2962 post
778 2915 968 2961 Filargirii
1003 2915 1281 2961 explanationes
1315 2916 1352 2948 et
1383 2915 1533 2948 brevem
1560 2910 1817 2955 georgicorum

126 2971 393 3028 expositionem
426 2970 544 3006 Servii
580 2970 864 3006 commentarios
882 2944 1032 3012 t'quibus
1068 2970 1159 3004 haec
1194 2966 1374 3011 insciipta
1412 2968 1448 2999 ct
1487 2963 1695 3007 subscripta
1732 2963 1817 2997 sunt

129 3031 252 3076 ‘Incpt
277 3042 346 3075 exp
373 3030 491 3065 Servii
522 3029 756 3075 grammatici
782 3028 819 3063 in
845 3028 1041 3063 bucolicon
1067 3027 1133 3062 et
1123 3040 1160 3062 m
1193 3027 1296 3061 libris
1329 3025 1527 3069 g<o1gicon
1555 3024 1663 3066 atque
1691 3033 1817 3057 aenea-

127 3082 227 3116 dum’
258 3084 295 3116 et
323 3082 491 3127 ‘explicit
517 3082 698 3126 expositio
734 3081 852 3116 Servii
884 3080 1120 3126 grammatici
1145 3080 1183 3114 in
1208 3078 1406 3113 bucolicon
1443 3078 1479 3111 et
1515 3076 1552 3110 in
1587 3075 1690 3110 libiis
1716 3086 1819 3119 geor-

127 3134 235 3179 gicon
261 3135 370 3178 atque
397 3135 626 3170 aeneadum.
