2204 3437
29 3197 39 3213 1

567 203 715 238 COMM.
742 204 793 237 IN
819 202 959 238 VERG.
987 201 1096 237 AEN.
1123 202 1183 235 ΠΙ.
1211 206 1407 235 331—333.
1744 204 1828 243 401

140 311 385 364 Aesculapio
418 325 516 352 aras
546 311 735 364 Apollini
764 314 936 353 statutas
969 308 1168 362 ‘patrias'
1200 309 1445 349 ncnninatas.
1506 309 1582 350 alii
1613 310 1656 349 in
1690 311 1831 362 templo

142 382 353 435 Apollinis
383 382 524 423 dicunt
552 396 671 423 aram
706 383 835 434 fuisse
870 382 1109 433 inscriptam
1142 381 1415 419 HATPIOY
1443 382 1834 420 ΑΠΟΛΛῼΝΟΣ

142 453 192 493 ab
222 452 305 502 hoc,
336 454 444 505 quod
472 453 657 503 Icadius,
689 453 899 507 Apollinis
929 455 966 492 et
994 451 1145 504 Lyciae
1175 449 1378 504 nymphae
1407 450 1530 504 filius,
1562 463 1652 490 cum
1683 451 1729 491 in
1760 452 1830 491 ad-

139 523 269 564 ultam
306 526 476 564 aetatem
512 524 699 573 venisset,
739 524 877 575 primo
920 522 1121 574 16916116111
1157 522 1201 561 111
1241 535 1321 573 qua
1358 524 1481 561 natus
1518 524 1605 561 crat
1640 535 1665 561 a
1703 525 1832 563 matre

139 594 311 647 Lyciam
342 595 579 648 nominavit,
611 594 752 635 deiude
783 595 826 634 in
858 606 904 633 ea
934 592 1072 633 urbem
1098 592 1288 644 Apollini
1318 591 1505 641 condidit,
1537 595 1660 633 sortes
1691 596 1727 633 et
1752 607 1831 633 661-
1859 599 1877 628 5

141 665 272 705 tinam
303 665 555 718 consecravit,
587 668 632 714 et,
664 667 710 705 ut
739 664 858 704 illum
880 666 1043 715 patrem
1075 676 1155 704 6336
1187 666 1409 716 testaretur
1442 662 1493 702 1
1480 665 1601 703 atara
1633 676 1831 716 6691161111-

140 735 267 776 navit
328 735 421 776 inclc
451 748 542 776 cum
573 734 747 775 Italiam
769 737 937 787 1161616,1
968 733 1189 786 naufrayio
1221 736 1387 774 vexatus
1418 733 1598 785 delphini
1631 737 1700 774 161
1685 748 1735 787 Jo
1767 748 1832 775 ea:-

140 808 272 858 ceptus
301 805 451 846 dicitur
481 818 528 846 ac
551 819 679 858 prope
710 805 949 846 Parnasum
987 807 1160 845 montem
1191 804 1348 845 delatus
1372 805 1490 855 patri
1477 804 1710 856 iApollinz
1742 808 1833 845 tem-

133 876 255 928 plum
286 876 536 917 constituisse
568 879 605 916 et
634 889 660 915 a
691 874 878 927 delphino
911 875 1039 916 locum
1070 874 1249 927 Delphos
1286 874 1524 927 appellasse,
1563 888 1661 915 611613
1692 876 1833 916 deinde

140 946 328 999 Apollini
360 949 569 999 tamquam
593 946 713 999 patri
743 959 1006 999 consecrasse,
1043 959 1144 998 911613
1178 946 1320 997 ferunt
1354 944 1470 997 culpo
1494 945 1660 997 patrias
1691 946 1832 986 dictas.
1862 953 1903 983 10

141 1016 236 1057 hinc
266 1030 356 1069 erqo
388 1020 425 1057 et
454 1017 688 1070 delphinum
719 1016 840 1056 aiunt
870 1017 975 1057 inter
1005 1029 1124 1057 saera
1142 1016 1352 1068 Apollinis
1376 1018 1598 1068 receptunm
1630 1016 1744 1057 euius
1776 1017 1834 1057 rei

137 1087 348 1140 vestiyium
391 1091 449 1128 est
491 1087 597 1140 quod
636 1086 826 1139 hodieque
868 1087 1280 1139 quindecimoirorum
1323 1086 1490 1127 cortinis
1533 1086 1745 1138 delphinus
1791 1088 1834 1128 in

138 1171 294 1199 3111111116
321 1158 491 1210 ponitur
521 1160 559 1198 et
579 1157 718 1210 pridie
749 1170 872 1209 quam
902 1157 1149 1209 sacrificium
1172 1157 1343 1208 faciunt,
1377 1157 1483 1198 velut
1505 1157 1729 1210 symbolum
1754 1158 1832 1198 del-

130 1227 288 1281 phinus
319 1228 613 1282 circumfertur,
645 1228 690 1269 ol)
721 1227 792 1268 hoe
822 1227 979 1277 scilicet,
1011 1228 1109 1280 6111161
1139 1228 1449 1280 quindecimviri
1481 1227 1676 1268 librorum
1702 1228 1833 1282 Sibyl-

139 1299 320 1340 linorum
361 1302 458 1339 sunt
500 1299 716 1348 antistites,
760 1297 918 1351 Sibylla
961 1301 1096 1339 (11116111
1140 1298 1350 1351 Apollinis
1393 1301 1501 1339 vates
1545 1302 1581 1339 et
1622 1299 1834 1352 delphinus
1862 1307 1902 1335 15

137 1369 329 1422 Apollini
365 1382 478 1410 sacer
514 1372 582 1410 est.
643 1370 849 1410 invenitur
893 1372 1028 1410 tamen
1071 1370 1184 1422 apud
1220 1368 1487 1422 Cornificium
1517 1369 1723 1424 Longsum,
1762 1360 1834 1411 Ia-

131 1441 280 1494 pydem
311 1443 348 1481 et
377 1439 568 1481 Icadium
591 1440 792 1494 profectos
823 1454 849 1480 a
869 1438 989 1481 Creta
1019 1440 1064 1480 in
1095 1441 1274 1481 diversas
1304 1440 1483 1493 1169161163
1514 1441 1676 1494 venisse,
1709 1441 1832 1494 Iapy-

137 1512 225 1552 dem
257 1512 313 1552 acl
336 1511 520 1565 Italiam,
552 1511 742 1552 Icadium
773 1524 864 1551 vero
895 1511 992 1551 duce
1022 1510 1207 1563 delphino
1239 1511 1295 1551 ad
1318 1513 1492 1552 montem
1520 1510 1767 1562 Parnasum,
1799 1516 1836 1553 et

137 1596 164 1622 a
195 1582 291 1623 duce
308 1581 488 1634 Delphos
518 1582 830 1635 66911611111161336,
863 1584 900 1621 et
928 1581 974 1622 in
1005 1582 1243 1622 memoriam
1271 1582 1412 1634 yentiS,
1445 1595 1492 1622 666
1524 1596 1605 1634 qua
1633 1583 1834 1635 profectus

137 1655 240 1706 erat,
277 1652 522 1694 subiacentes
552 1665 714 1705 campos
746 1651 933 1693 Crisaeos
961 1652 1021 1693 vel
1054 1651 1238 1694 Cretaeos
1268 1653 1509 1706 appellasse,
1546 1655 1583 1693 et
1612 1667 1711 1694 aras
1743 1667 1831 1695 con-
1859 1660 1903 1690 20

137 1724 326 1766 stitit-isse.

255 1794 352 1835 333.
402 1810 570 1836 1111116111
615 1808 726 1835 111616
761 1794 882 1835 ieteri
911 1808 991 1847 pro
1031 1793 1167 1836 data'
1199 1795 1479 1847 accipiendum
1510 1793 1832 1849 6315·“16’6196

135 1865 327 1907 abundat.
387 1865 556 1906 Ennius
586 1865 808 1907 annalibus
843 1866 906 1906 ad
940 1865 1034 1906 illa
1072 1866 1270 1907 iedclita
1307 1869 1526 1920 nuptam,
1570 1869 1607 1906 et
1636 1866 1736 1906 alibi
1766 1867 1831 1907 is-

137 1950 224 1990 que
254 1937 356 1978 dies
380 1939 491 1989 post
520 1939 606 1976 ant
635 1935 838 1978 Marcu-s
869 1951 1008 1989 91161111
1040 1950 1190 1989 1691161
1220 1938 1403 1992 recepit
1425 1951 1505 1990 pro
1536 1938 1697 1989 accepit.
1759 1940 1832 1978 aut

138 2006 350 2057 ‘reddita’,
381 2008 488 2060 quod
516 2006 673 2048 Heleno
705 2008 917 2049 debebatur
948 2009 1176 2061 imperium.
1305 2019 1460 2049 CESSIT
1494 2019 1605 2049 PARS
1641 2019 1830 2049 HELENO
1859 2014 1901 2044 ‘25

139 2093 216 2132 per
245 2078 504 2132 privignum,
535 2080 584 2119 ut
615 2078 797 2119 diximus
830 2078 984 2133 (297)

231 2222 275 2252 23
302 2218 442 2253 Ennius
468 2217 680 2263 annalibus]
707 2219 734 2263 1,
760 2218 842 2252 XLI
868 2229 925 2263 ap.
953 2218 1061 2253 Vahl.
1082 2219 1094 2263 ΙΙ
1114 2220 1151 2253 eb
1177 2218 1283 2264 alibi]
1311 2229 1393 2253 ann.
1421 2218 1466 2263 II,
1492 2217 1612 2253 XVIII
1639 2230 1696 2263 ap.
1723 2218 1833 2254 Vahl.

230 2351 250 2381 2
276 2358 427 2381 naTPmY
453 2358 664 2382 anomoxoc
691 2347 731 2381 F
766 2359 921 2382 naimoY
948 2359 1160 2382 arromoxoc
1190 2348 1222 2381 Τ
1245 2348 1257 2391 ΙΙ
1283 2352 1302 2381 3
1329 2347 1468 2382 icadios
1495 2348 1534 2382 F
1561 2349 1572 2392 ΙΙ
1607 2349 1752 2393 nyphae
1778 2349 1831 2393 ly-

137 2405 223 2438 cyae
251 2393 291 2427 F
323 2393 432 2428 liciae
458 2395 632 2439 nimphae
662 2395 694 2428 T
717 2395 729 2438 ΙΙ
755 2399 773 2428 5
801 2395 911 2429 lieian
940 2394 980 2428 F
995 2397 1006 2438 ss
1030 2395 1159 2429 urbem
1185 2406 1329 2438 quoque
1356 2396 1492 2429 Daniel
1511 2397 1522 2439 ΙΙ
1548 2401 1567 2429 6
1594 2396 1728 2430 Patora
1753 2396 1831 2430 Da-

136 2442 210 2476 niel
227 2442 239 2485 11
265 2445 283 2475 7
312 2441 457 2486 fifragio
485 2441 525 2475 F
541 2443 552 2484 ΙΙ
580 2442 756 2486 delphyni
784 2441 850 2486 ΕΗ
877 2446 896 2476 9
924 2453 946 2476 a
972 2453 1035 2476 om.
1065 2442 1131 2486 Fss
1157 2442 1338 2486 apellasse
1365 2442 1404 2475 F
1420 2443 1431 2486 Η
1453 2446 1495 2476 10
1521 2441 1645 2476 ferunlz
1668 2453 1732 2477 om.
1761 2442 1800 2475 F
1822 2443 1831 2455 ¹*

139 2492 180 2522 11
207 2488 327 2533 sacra]
355 2490 500 2523 sacrata
528 2489 665 2523 Daniel
683 2490 694 2533 ΙΙ
717 2493 757 2523 12
785 2489 979 2533 delphinos
1005 2489 1044 2522 F
1061 2489 1100 2533 Μ’
1091 2501 1128 2522 in
1155 2500 1296 2523 summo
1323 2490 1459 2523 honoie
1486 2489 1635 2533 ponitur
1661 2490 1823 2523 Daniel
1822 2492 1832 2534 y

142 2540 184 2569 13
212 2535 329 2580 pridie
356 2547 467 2579 quum
493 2535 734 2570 Burmannus
760 2540 791 2570 et
810 2536 907 2570 Lion
926 2538 938 2580 Η
956 2536 1096 2570 faciant
1116 2536 1156 2569 F
1172 2537 1184 2580 {l
1205 2540 1247 2570 14
1274 2536 1529 2580 sybillinoium
1556 2540 1587 2570 et
1612 2536 1745 2580 sybill-i
1766 2536 1804 2569 Γ

141 2586 183 2616 15
211 2582 363 2617 delfinos
383 2583 422 2616 F
438 2583 450 2626 11
473 2587 513 2617 16
536 2582 749 2617 Coinificius
774 2583 906 2627 longus
934 2583 987 2617 ait
1011 2582 1196 2627 Iaspidem
1222 2584 1259 2617 el]
1278 2583 1456 2618 Icaolium
1477 2583 1662 2627 ploiectos
1684 2594 1705 2616 a
1725 2584 1831 2617 Creta

138 2629 177 2663 in
203 2629 366 2664 diuersas
391 2630 559 2674 regiones
585 2631 727 2665 uenisse
753 2630 919 2674 lapidem
945 2631 991 2664 ad
1012 2630 1159 2665 Italiam
1179 2630 1359 2665 Icaolium
1384 2642 1472 2664 uero
1499 2631 1589 2665 duce
1616 2630 1758 2664 Delfino
1785 2630 1831 2664 ad

142 2679 304 2711 montem
330 2677 552 2711 Parnassum
588 2680 625 2711 et
659 2689 681 2712 a
705 2677 805 2712 Duce
831 2678 995 2722 Delphos
1030 2679 1239 2712 nominasse
1276 2679 1314 2712 eb
1338 2678 1374 2711 in
1401 2678 1615 2711 memoriam
1641 2677 1762 2721 gentis
1789 2689 1832 2711 ex

139 2735 211 2768 qua
235 2723 421 2768 profectus
447 2726 526 2758 erat
551 2724 781 2759 subiacentes
808 2736 957 2769 campos
979 2724 1145 2759 Crisaeos
1171 2725 1231 2759 uel
1253 2724 1401 2759 Creteos
1430 2725 1638 2768 appellasse
1666 2727 1703 2757 et
1729 2735 1830 2758 arces

140 2770 374 2805 constituisse
389 2772 552 2805 Ambros.
573 2772 585 2815 ΙΙ
604 2771 768 2816 iapidum
795 2773 832 2806 et
857 2772 1042 2806 iaeadium
1062 2772 1100 2806 F
1117 2774 1128 2816 {l
1151 2777 1190 2806 17
1213 2784 1234 2806 a
1256 2774 1357 2806 crata
1378 2772 1415 2805 in
1435 2772 1578 2806 diuersa
1598 2771 1744 2816 regione
1766 2771 1804 2804 F

140 2821 182 2852 18
209 2817 294 2852 duci
321 2818 360 2852 F
382 2819 393 2862 ΙΙ
420 2822 462 2852 20
489 2820 526 2852 et
551 2829 615 2852 om.
643 2818 682 2851 F
703 2819 715 2862 ΙΙ
741 2823 784 2853 23
811 2819 979 2853 analibus
1006 2819 1046 2852 F
1092 2819 1129 2852 in
1156 2819 1361 2853 Annalibus
1388 2819 1524 2852 Daniel
1555 2821 1566 2862 ss
1594 2823 1635 2851 ut
1660 2817 1726 2851 illa
1751 2817 1829 2851 red-

140 2864 219 2898 dita
244 2866 399 2909 nuptum
424 2865 562 2899 Daniel
597 2866 640 2899 ui:
666 2865 733 2899 Ilia
757 2865 903 2900 reddita
929 2867 1084 2910 nupbum
1112 2866 1349 2900 Commelinus
1368 2867 1379 2909 Η
1399 2870 1443 2898 24
1469 2865 1632 2908 recocpit
1658 2865 1696 2897 F
1726 2864 1828 2908 isque

141 2911 219 2946 dies
250 2914 446 2956 postquam
477 2913 600 2946 Ancus
633 2912 791 2946 Marcius
823 2924 939 2956 regna
968 2912 1108 2957 recepit
1140 2914 1188 2947 H.
1216 2913 1398 2956 Ilberyius
1433 2914 1444 2956 ΙΙ
1482 2923 1546 2956 pro
1573 2911 1727 2955 accepit.
1766 2914 1831 2946 auh

141 2957 328 3002 ‘reddita’‚
361 2959 461 3002 quod
485 2958 625 2993 Heleno
652 2959 855 2993 debebatur
881 2960 902 2994 i.
938 2959 1136 2994 Vahlcnus:
1162 2961 1199 2994 et
1225 2971 1291 3004 pro
1318 2964 1469 3003 accepta
1496 2962 1536 2991 ut
1562 2958 1706 2992 reddita
1732 2958 1830 3002 quod

135 3004 268 3039 heleno
289 3005 445 3040 debatur
464 3005 486 3040 i.
503 3005 542 3039 F
565 3006 743 3040 debeatur
764 3006 809 3041 F.
825 3006 1023 3041 Schoellius
1041 3008 1053 3051 ll
1073 3011 1116 3041 25
1144 3019 1293 3040 mmmm
1315 3017 1386 3049 quo
1408 3006 1514 3039 modo
1533 3005 1720 3048 ‘reddita',
1747 3017 1829 3039 cum

145 3053 288 3087 constet
311 3052 493 3087 Helenum
518 3052 628 3087 fuisse
655 3053 851 3087 Troianum
878 3064 945 3088 nec
971 3054 1014 3088 de
1042 3054 1196 3088 Graecia
1220 3053 1335 3086 ullam
1362 3052 1529 3086 habuisse
1557 3053 1724 3095 partem?
1750 3052 1830 3086 red—

140 3098 224 3133 dere
258 3101 382 3134 autem
414 3101 471 3134 est
501 3100 628 3134 datum
654 3099 826 3144 recipere.
872 3100 1026 3135 solvitur
1051 3101 1117 3135 sic:
1150 3100 1293 3134 reddita
1318 3099 1356 3132 id
1382 3101 1436 3133 cst
1461 3099 1559 3133 data.
1601 3098 1720 3133 Cessit
1744 3110 1831 3143 ergo

139 3156 225 3189 pars
249 3145 390 3181 Heleno
416 3157 482 3191 per
508 3146 718 3192 privignum
743 3148 784 3181 uf,
810 3147 967 3182 diximus
993 3148 1031 3181 D
1050 3149 1061 3192 ΙΙ
1081 3152 1125 3182 26
1151 3146 1324 3191 diximus]
1351 3157 1460 3190 supra
1485 3146 1568 3180 add.
1591 3146 1668 3180 Me

213 3210 309 3236 Servii
327 3218 433 3237 comm.
454 3212 520 3238 Vol.
540 3212 564 3236 Ι.
585 3212 671 3239 Fasc.
690 3213 715 3237 I.
1506 3208 1550 3238 26
