2204 3437
390 153 451 188 XC
1089 153 1373 189 PRAEFATIO.

392 262 477 303 uim
508 276 591 303 rem
622 262 801 303 alienam
834 266 973 304 tenere.
1031 277 1081 304 ex
1114 262 1193 304 hoc
1226 263 1369 305 codice
1402 263 1600 304 videntur
1619 264 1757 316 petita
1790 278 1880 306 esse
1913 280 2019 319 quae
2041 266 2080 307 V

394 335 497 374 nota
530 333 701 387 signata
721 333 995 375 Burmannus
1029 334 1080 375 ad
1101 334 1391 375 bucolicorum
1412 334 1709 389 georgicorum
1732 334 1933 377 Aeneidis
1955 336 2081 390 primi

390 403 491 444 libri
523 405 710 446 ineuntis
743 404 1073 446 commentarios
1108 405 1346 459 adscripsit.
1402 419 1502 446 nam
1524 405 1592 446 vix
1612 407 1756 458 potest
1788 420 1889 447 casu
1919 407 2081 448 factum

391 489 482 515 esse
517 478 563 516 ut
597 476 650 516 ab
684 476 744 516 eis
778 475 865 516 fere
904 475 1044 516 verbis
1085 490 1191 529 quae
1229 475 1507 530 Rutgersiani
1545 475 1646 516 libri
1684 477 1875 516 extrema
1913 479 2012 518 sunt
2043 477 2082 518 V

391 544 548 586 codicis
581 545 625 585 in
657 543 893 586 Burmanni
926 545 1136 600 adparatu
1177 546 1528 587 commemoratio
1570 545 1748 586 desinat.
1786 570 1833 575 —
1870 546 2082 589 Vossia-

391 631 481 656 nus
515 616 571 656 25
603 615 780 657 membr.
813 614 882 656 fol.
919 629 1025 656 saec.
1058 615 1119 656 XI
1151 616 1282 657 habet
1320 616 1505 670 Vergilii
1545 616 1734 657 carmina
1766 617 1919 671 quibus
1947 617 2083 659 Servii

391 687 687 727 commentarii
719 686 764 727 in
796 686 1063 742 marginibus
1097 686 1231 727 additi
1271 690 1382 728 sunt.
1438 686 1694 740 inscriptum
1733 690 1798 728 est
1835 689 2082 730 maiusculis

391 756 546 798 litteris
582 756 862 799 Commeatum
894 757 1028 799 Servii
1060 758 1104 798 m
1136 757 1322 799 bucolicis
1347 757 1395 798 P.
1430 757 1597 810 Virye'le'z‘
1627 757 1822 799 DIaronis
1852 759 1998 812 incipit
2025 760 2081 811 fe-

391 828 535 882 liciter,
568 828 858 882 subscriptum
892 827 1171 869 Commentzcm
1210 827 1344 869 Servii
1378 828 1642 881 yrcmmzatici
1678 829 1723 869 in
1762 829 1941 871 bucolica
1973 844 2082 883 96ον-

386 900 479 952 yz'ea
510 899 700 940 Heneida
720 898 819 954 (sic)
841 898 981 940 Publii·
1001 899 1193 940 Immonis
1225 899 1458 951 explicitum
1488 899 1669 950 feliciter.
1725 899 1770 939 in
1796 899 1946 942 charta
1971 900 2082 942 libro

391 970 581 1023 praefixa
612 969 717 1011 haec
751 970 910 1023 scripta
941 969 1084 1010 inveni
1118 968 1334 1010 ‘Servium
1366 968 1477 1010 hunc
1498 970 1682 1011 contulit
1700 969 1904 1012 Heinsius
1938 974 1980 1013 et
2010 987 2082 1014 no-

392 1040 500 1081 tavit
533 1040 679 1082 littera
711 1039 751 1080 V
784 1042 826 1081 et
857 1040 1027 1081 notavit
1064 1039 1098 1080 L
1137 1039 1323 1094 littera'‚
1363 1039 1434 1080 sed
1468 1039 1694 1082 ‘Heinsius
1726 1075 1736 1084 .
1762 1075 1769 1082 .
1801 1075 1809 1082 .
1839 1041 1873 1083 L
1915 1041 2082 1084 littera'

393 1111 522 1152 verba
554 1113 653 1165 post
687 1111 825 1152 deleta
859 1114 969 1152 sunt.
1025 1110 1282 1152 Thomasius
1314 1111 1428 1152 hunc
1455 1112 1642 1153 codicem
1670 1127 1694 1153 a
1714 1112 1960 1154 Burmanno
1982 1112 2085 1155 Vos.

391 1182 417 1223 i.
451 1196 482 1222 e.
517 1181 778 1223 Vossianum
817 1182 1023 1236 appellari
1055 1181 1175 1223 vidit.
1213 1206 1259 1210 -
1297 1197 1379 1223 ms.
1412 1182 1497 1224 lat.
1530 1183 1650 1224 bibl.
1681 1183 1816 1237 publ.
1850 1185 1875 1225 5
1908 1185 2084 1226 membr.

392 1253 463 1293 fol.
497 1267 604 1293 saec.
637 1252 731 1293 XII.
780 1252 853 1294 fol.
889 1253 1030 1293 1—65
1068 1252 1253 1307 Vergilii
1295 1253 1502 1307 carmina,
1540 1253 1612 1295 fol.
1642 1254 1843 1295 66-173
1878 1254 2013 1296 Servii
2044 1256 2089 1296 in

393 1323 644 1377 Aeneidem,
676 1323 886 1377 bucolica,
920 1336 1064 1378 georg.
1085 1323 1228 1363 I——III
1248 1324 1334 1364 474
1355 1324 1664 1365 commentarii.
1709 1325 1930 1379 inscriptio
1951 1326 2090 1367 Marii

392 1393 525 1435 Servii
546 1395 809 1447 yrammaticass
841 1395 984 1446 incipit
1016 1394 1114 1435 liber
1138 1395 1303 1447 primus
1335 1395 1380 1435 in
1401 1394 1637 1445 Aeneidem,
1671 1396 1931 1450 subscriptio
1951 1396 2089 1438 Marii

392 1464 525 1506 Servii
552 1466 816 1518 ffl-ammatz'ez'
856 1466 902 1506 ‘m
940 1466 1160 1507 Aeneidem
1197 1465 1340 1507 Publia·
1385 1465 1551 1519 Virye'lii
1582 1466 1777 1508 Ilffarom's
1818 1467 1917 1508 liber
1947 1468 2090 1509 duode-

392 1538 519 1578 cimus
550 1537 723 1589 explicit.
779 1536 851 1577 fol.
888 1537 922 1577 1.
956 1536 1061 1578 haec
1093 1537 1296 1591 leguntur
1336 1535 1553 1578 ‘Servium
1592 1537 1704 1578 hunc
1737 1537 1918 1578 contulit
1950 1537 2089 1579 Nicol.

392 1607 595 1649 Heinsius
630 1610 672 1649 et
703 1608 871 1649 notavit
903 1607 1050 1648 littera
1082 1607 1134 1648 V.
1148 1606 1209 1649 L.'

510 1678 700 1734 Regius
734 1676 821 1734 (R.)
856 1678 1093 1719 Burmanni
1125 1678 1303 1719 membr.
1335 1678 1407 1720 fol.
1442 1692 1552 1720 saec.
1583 1678 1645 1720 XI
1676 1679 1744 1720 vel
1777 1678 1871 1733 XII,
1905 1678 2087 1734 Vergilii

393 1750 582 1791 carmina
615 1765 710 1791 cum
744 1748 881 1790 Servii
914 1750 1166 1791 commentis
1201 1749 1440 1803 continens,
1472 1749 1598 1791 hodie
1630 1750 1674 1791 in
1704 1749 1902 1791 Parisina
1932 1750 2087 1792 biblio-

393 1821 519 1863 theca
551 1823 633 1874 est,
667 1820 873 1875 supplem.
905 1820 978 1861 lat.
1014 1820 1110 1874 165,
1143 1821 1181 1861 3.
1215 1820 1265 1861 cf.
1299 1835 1404 1861 mus.
1436 1820 1572 1861 Rhen.
1604 1820 1706 1862 XIV
1740 1836 1780 1875 p.
1813 1821 1911 1862 539.

511 1891 912 1933 Daventriensis
962 1891 1110 1945 codex,
1149 1892 1198 1932 de
1238 1906 1320 1946 quo
1359 1906 1494 1945 nuper
1528 1889 1584 1947 (a.
1625 1892 1757 1946 1871)
1795 1890 1826 1933 I.
1864 1891 1894 1933 I.
1934 1890 2087 1933 Corne-

392 1962 524 2003 lissen
556 1962 703 2003 libello
736 1963 808 2016 qui
840 1962 1088 2002 inscribitur
1116 1960 1309 2003 ‘Codicis
1330 1961 1655 2004 Daventriensis
1689 1962 1971 2004 vetustissimi
1995 1962 2086 2005 Ser-

392 2032 452 2073 vii
485 2033 816 2074 commentarios
850 2033 1110 2073 continentis
1143 2032 1284 2073 brevis
1318 2032 1570 2086 descriptio'
1610 2036 1807 2074 accurate
1841 2033 2089 2088 disputavit,

395 2104 743 2145 membranaceus
778 2105 842 2144 est
875 2103 1032 2144 saeculi
1064 2103 1137 2145 XI.
1195 2118 1245 2144 ex
1285 2117 1333 2144 eo
1368 2118 1475 2158 quae
1507 2104 1572 2145 vir
1603 2103 1678 2145 ille
1711 2103 1859 2145 doctus
1893 2104 2089 2146 enotavit

395 2178 437 2215 et
463 2189 501 2228 p.
523 2175 548 2215 9
571 2189 658 2229 sqq.
692 2174 825 2216 edidit
858 2188 952 2215 cum
973 2173 1259 2229 Frisingensis
1281 2174 1504 2228 scripturis
1537 2174 1597 2215 ita
1631 2175 1871 2217 consentire
1903 2175 2010 2230 vidi,
2042 2177 2089 2216 ut

395 2245 604 2299 explenda
638 2259 686 2286 ea
718 2245 959 2286 conlatione
993 2245 1259 2299 supersederi
1290 2259 1416 2299 posse
1448 2245 1698 2299 putaverim.

512 2315 760 2357 Metensis
792 2315 1080 2357 bibliothecae
1114 2316 1243 2357 codex
1277 2316 1361 2357 292
1395 2316 1743 2357 membranaceus
1772 2331 1878 2358 saec.
1904 2316 1943 2357 X
1975 2319 2087 2358 cata-

395 2387 521 2441 logue
554 2386 626 2427 des
660 2402 759 2428 mss.
793 2386 865 2427 des
898 2386 1214 2440 departements
1248 2386 1287 2427 V
1313 2403 1351 2441 p.
1376 2388 1458 2427 125
1491 2402 1515 2428 a
1547 2386 1820 2436 Quicheratio
1853 2387 2087 2442 descriptus

396 2460 472 2499 est.
529 2457 730 2499 Aeneidis
764 2457 1189 2499 commentarius'ab
1228 2457 1296 2498 his
1336 2457 1477 2498 verbis
1509 2457 1661 2512 incipit
1705 2457 1742 2513 (I
1779 2456 1825 2513 4)
1864 2458 2088 2499 Zlffemorem

398 2529 561 2570 iunonis
593 2529 638 2569 ob
673 2529 797 2580 iram]
831 2531 986 2569 constat
1005 2528 1134 2569 *media
1156 2529 1200 2569 m
1232 2528 1464 2569 auctoribus
1495 2529 1692 2579 inveniri,
1725 2528 1881 2570 desinit
1899 2528 1981 2570 XII
2001 2530 2087 2570 474

396 2600 610 2651 Pemolat]
636 2613 713 2652 per
744 2612 917 2652 wafflms
948 2600 1056 2640 sedes
1086 2599 1198 2640 uolat
1218 2613 1317 2640 nam
1336 2613 1445 2641 more
1475 2613 1546 2640 suo
1578 2599 1696 2640 uerbo
1728 2600 1837 2640 dedit
1866 2600 2087 2641 detractam

395 2671 554 2712 nomini
583 2671 935 2723 praepositionem.
1000 2669 1164 2721 Vacne's]
1206 2671 1366 2723 maynis
1404 2674 1448 2711 ut
1483 2684 1615 2711 uacua
1662 2671 1773 2711 atria
1811 2670 1959 2711 lustrat
1999 2684 2085 2711 sau.

397 2757 503 2797 quae
543 2742 606 2783 vir
652 2741 924 2783 doctissimus
968 2756 988 2781 e
1032 2741 1336 2781 commentario
1378 2741 1430 2781 ad
1473 2756 1537 2782 vv.
1570 2742 1712 2783 4—27
1749 2756 1772 2795 a
1806 2739 2087 2794 Stephaniani

398 2812 653 2868 exemplaris
697 2812 909 2867 scriptura
951 2811 1239 2866 discrepantia
1274 2811 1464 2852 enotavit
1504 2811 1602 2852 huic
1644 2812 1754 2853 libro
1800 2825 1894 2851 cum
1927 2809 2086 2851 Caroli-

400 2883 575 2925 ruhensi
610 2883 693 2925 186
732 2883 964 2937 scripturas
1005 2881 1209 2935 quasdam
1250 2895 1495 2922 communes
1535 2896 1627 2922 esse
1666 2877 1947 2935 ostenduntff)
2004 2894 2087 2934 qua

495 3048 528 3090 1)
555 3058 589 3091 p.
620 3051 673 3089 12,
703 3050 744 3080 18
771 3046 818 3080 ad
839 3055 997 3090 persona
1024 3044 1129 3079 addit
1153 3045 1213 3080 sed
1238 3044 1287 3079 ad
1313 3044 1445 3087 locum,
1471 3056 1508 3088 p.
1538 3048 1596 3086 17,
1625 3048 1644 3078 2
1671 3045 1713 3078 cle
1739 3042 1895 3084 omittit,
1921 3054 1956 3087 p.
1984 3046 2040 3085 20,
2066 3046 2086 3076 2

399 3102 430 3133 et
456 3100 546 3142 tria,
573 3111 606 3143 p.
635 3102 689 3142 91,
720 3103 759 3133 12
787 3099 948 3144 intelleqe
974 3097 1132 3133 exhibet.
