2132 3354
824 98 1109 134 PRAEFATIO.
1733 99 1816 133 XIX

237 210 417 253 Constat
455 211 498 251 in
531 209 795 265 Vergilianis
837 207 1011 249 scholiis
1051 207 1210 248 nullius
1243 206 1330 248 fere
1364 207 1587 261 scriptoris
1621 208 1815 261 exempla

117 282 413 336 frequentiora
446 295 537 322 esse
571 295 698 335 quam
732 279 945 332 Sallustii,
985 293 1116 332 eaque
1157 292 1206 319 ex
1238 277 1518 319 historiarum
1551 279 1734 319 maxime
1767 279 1814 319 li-

116 353 204 393 bris
245 352 380 406 petita
421 366 513 393 esse
552 354 595 392 et
633 351 686 392 ob
728 364 821 391 eam
860 363 949 390 rem
987 351 1340 402 commemorata,
1387 351 1433 389 ut
1471 363 1572 389 usus
1612 351 1653 389 et
1685 349 1813 403 signi-

115 422 260 463 ficatio
293 423 520 464 verborum
564 438 588 464 a
620 421 815 476 Vergilio
849 420 1139 461 adhibitorum
1173 420 1469 474 explicaretur.
1538 419 1588 460 cf.
1623 420 1673 460 ad
1706 420 1811 461 Aen.

115 492 135 533 I
172 493 267 547 195,
301 494 399 548 270,
431 494 531 547 281,
563 493 662 546 298,
694 492 791 545 307,
824 491 921 545 378,
953 491 1051 544 423,
1084 491 1183 531 456.
1228 490 1270 531 ΙΙ
1303 491 1371 545 61,
1403 490 1500 531 502.
1544 489 1609 530 III
1641 490 1725 531 516
1760 491 1812 531 al.

117 578 165 604 ea
197 578 263 605 res
297 579 384 605 non
417 564 565 605 dubito
599 563 702 617 quin
734 562 831 603 inde
863 562 1095 615 repetenda
1128 562 1185 602 sit
1218 561 1329 615 quod
1362 560 1616 602 Aemilius
1651 560 1812 614 Asper

115 649 240 688 quem
272 634 550 675 historiarum
581 634 717 675 libros
751 634 1086 674 commentatum
1119 646 1213 673 esse
1247 629 1432 673 Charisii
1465 630 1523 687 (p.
1545 632 1642 685 216,
1663 632 1717 673 28
1740 630 1808 686 Κ.)

114 708 158 745 et
190 704 444 758 Hieronymi
476 703 605 760 (apol.
639 718 671 745 c.
703 702 840 744 Rufin.
872 701 893 743 Ι
930 703 981 744 16
1014 703 1095 744 vol.
1122 701 1163 743 II
1195 717 1234 756 p.
1255 702 1341 743 472
1375 702 1437 743 ed.
1459 700 1663 757 Vallars.)
1692 703 1809 743 testi-

113 776 269 816 moniis
303 778 484 830 constat,
517 775 628 815 idem
659 774 703 814 in
730 773 917 828 Vergilii
950 774 1140 815 carmina
1173 773 1502 815 commentarios
1536 773 1706 826 scripsit
1740 771 1808 827 (cf.

112 846 338 887 Kirchneri
378 846 681 887 commentatio
722 845 772 885 de
806 843 940 886 Servii
982 844 1228 885 auctoribus
1268 844 1562 899 grammaticis
1595 845 1639 884 in
1671 845 1808 885 annal.

110 916 316 971 philolog.
356 917 564 971 supplem.
597 915 705 957 VIII
743 931 783 970 p.
816 915 932 970 513).
1000 930 1100 956 nam
1133 930 1228 956 cum
1261 930 1309 956 ex
1343 929 1386 956 se
1418 915 1685 970 intellegitur
1716 918 1807 956 tum

112 989 228 1029 certo
259 988 465 1042 ¹exemplo
503 987 618 1028 infra
658 986 922 1040 ostendetur,
962 988 1126 1027 veteres
1165 986 1420 1040 interpretes
1455 986 1527 1040 qui
1561 986 1731 1040 quidem
1763 987 1807 1027 in

109 1058 301 1112 pluribus
335 1057 616 1112 scriptoribus
650 1057 896 1099 enarrandis
929 1060 1214 1111 versarentur,
1246 1058 1290 1098 in
1316 1057 1383 1098 his
1413 1072 1519 1111 quae
1554 1057 1713 1098 similia
1746 1057 1805 1098 in-

110 1129 329 1170 venissent
361 1129 599 1170 adscribere
627 1128 778 1170 solitos
807 1142 910 1169 esse.
961 1130 1088 1182 atque
1114 1128 1159 1168 in
1185 1128 1360 1169 scholiis
1383 1128 1523 1181 Aspro
1550 1128 1806 1169 nominatim

106 1200 284 1241 tributis
318 1199 581 1241 Sallustiana
614 1199 810 1253 exempla
841 1199 1106 1253 frequentari
1139 1199 1401 1240 Ribbeckius
1434 1199 1542 1252 prol.
1575 1214 1612 1253 p.
1650 1199 1729 1240 129
1764 1202 1806 1240 et

111 1271 190 1311 131
226 1270 486 1312 observavit.
537 1270 588 1312 cf.
621 1271 673 1312 ad
705 1271 812 1312 Aen.
844 1269 882 1310 X
902 1270 1000 1324 539,
1031 1269 1137 1311 VIII
1157 1270 1254 1324 383,
1288 1270 1419 1311 schol.
1442 1269 1596 1312 Veron.
1624 1271 1676 1311 ad
1698 1270 1804 1310 Aen.

104 1340 167 1382 IV
203 1342 296 1383 178.
347 1356 453 1395 quae
486 1356 581 1383 cum
619 1342 681 1383 ita
713 1342 817 1395 sint,
851 1356 900 1382 ea
932 1341 1227 1382 additamenta
1260 1341 1414 1395 quibus
1448 1340 1643 1382 Sallustii
1676 1342 1805 1382 verba

105 1426 200 1453 cum
214 1411 477 1466 Vergilianis
511 1412 634 1454 docte
667 1415 969 1466 comparantur
1001 1426 1095 1453 meo
1128 1414 1217 1453 iure
1251 1412 1302 1453 ad
1335 1412 1522 1465 Asprum
1553 1411 1710 1452 referre
1744 1412 1803 1453 vi-

105 1482 218 1524 deor.
286 1482 391 1523 item
425 1481 631 1524 Serviana
670 1482 832 1524 scholia
865 1481 1141 1524 Sallustianis
1176 1483 1379 1536 exemplis
1415 1483 1467 1523 ob
1503 1483 1678 1523 eandem
1712 1498 1801 1524 rcm

104 1553 311 1607 adpositis
344 1553 542 1608 insignia,
574 1553 708 1606 veluti
742 1554 794 1595 ad
815 1553 920 1595 Aen.
941 1554 983 1595 II
1011 1554 1107 1608 201,
1140 1555 1237 1608 286,
1269 1554 1367 1608 400,
1401 1554 1435 1595 31
1467 1568 1552 1595 non
1585 1568 1633 1594 ex
1666 1555 1801 1609 ipsius

105 1624 246 1679 Aspri,
279 1627 323 1666 at
355 1628 468 1666 certe
501 1640 522 1666 e
555 1625 829 1680 grammatici
862 1625 1038 1666 alicuius
1073 1625 1144 1679 qui
1166 1625 1296 1678 Aspri
1329 1625 1439 1666 libro
1468 1640 1569 1666 usus
1597 1628 1662 1666 est
1689 1641 1799 1667 coui-

104 1696 313 1737 mentario
348 1695 539 1737 derivata
571 1711 663 1737 esse
698 1696 909 1737 existimo.
961 1710 1010 1737 ac
1042 1710 1093 1736 ne
1128 1696 1222 1750 quis
1257 1695 1371 1737 dicat
1403 1696 1605 1737 additicia
1638 1698 1800 1740 scholia

102 1766 154 1807 ad
186 1766 372 1820 Asprum
414 1782 438 1807 a
470 1781 536 1808 me
568 1769 768 1809 revocata
798 1780 925 1821 posse
958 1766 1010 1808 ab
1044 1766 1138 1820 ipso
1173 1766 1321 1808 Servio
1354 1767 1399 1807 in
1434 1782 1556 1808 suum
1589 1783 1799 1809 commen-

103 1837 261 1877 tarium
293 1840 463 1891 recepta
496 1852 600 1891 esse,
632 1852 717 1879 non
748 1837 865 1879 nulla
898 1839 1010 1878 certe
1043 1851 1188 1878 eorum
1220 1838 1265 1878 in
1297 1838 1562 1892 plenioribus
1590 1838 1711 1880 libris
1739 1841 1800 1881 in·

105 1909 201 1961 epte
246 1907 457 1949 collocata
501 1922 592 1949 esse
637 1923 802 1950 moneo.
877 1908 927 1949 cf.
973 1922 1079 1962 quae
1125 1923 1255 1962 supra
1300 1909 1349 1949 de
1382 1908 1488 1950 Aen.
1520 1909 1541 1950 I
1575 1910 1656 1952 281
1699 1911 1798 1951 dixi.

99 1977 119 2018 I
150 1978 236 2019 423
269 1978 340 2020 hoc
371 1982 428 2020 est
458 1993 544 2020 non
575 1979 723 2020 debuit
749 1980 801 2020 ab
836 1994 884 2020 eo
918 1979 990 2034 qui
1023 1979 1262 2034 pleniorem
1295 1981 1649 2022 commentarium
1683 1996 1795 2023 com-

99 2048 245 2102 posuit
284 2049 336 2090 ad
369 2048 504 2091 Servii
536 2051 801 2103 exaedificare
831 2050 1000 2105 referri,
1047 2065 1142 2091 cum
1176 2052 1321 2104 aperte
1355 2051 1407 2091 ad
1440 2052 1580 2093 (lucere
1613 2052 1797 2108 Vergilii

99 2119 328 2173 pertineat.
403 2120 423 2161 I
454 2120 540 2162 456
581 2123 622 2162 et
659 2121 702 2162 II
734 2122 787 2163 61
828 2122 888 2163 eis
928 2136 1035 2176 quae
1075 2122 1127 2163 ab
1162 2120 1302 2175 Aspro
1342 2122 1479 2176 petita
1511 2137 1601 2164 esse
1634 2124 1795 2166 conieci

32 2189 40 2198 ⁴
97 2204 194 2231 sane
226 2191 467 2232 coniunctio
499 2193 738 2245 praemissa
770 2195 846 2235 est.
914 2195 1101 2234 ceterum
1133 2192 1398 2234 Ribbeckius
1430 2208 1516 2235 non
1547 2195 1667 2235 nulla
1699 2192 1794 2236 ἀδέ-

99 2271 236 2302 σποτα
267 2262 509 2315 pleniorum
541 2262 750 2303 librorum
782 2263 947 2304 scholia
978 2262 1120 2317 Aspro
1153 2263 1381 2304 tribuenda
1414 2278 1504 2305 esse
1537 2263 1793 2307 Veronensi-

98 2332 178 2373 bus
211 2332 385 2374 scholiis
418 2333 601 2375 conlatis
636 2333 825 2374 ostendit
857 2334 984 2388 (prol.
1016 2349 1055 2388 p.
1093 2335 1173 2376 129
1198 2333 1319 2390 sqq),
1353 2334 1485 2375 veluti
1518 2334 1621 2377 Aen.
1654 2336 1674 2376 I
1709 2337 1792 2378 689

97 2400 168 2457 (cf.
200 2402 359 2445 Veron.
393 2403 523 2446 schol.
556 2404 609 2445 ad
641 2403 747 2445 Aen.
781 2403 865 2445 VII
897 2404 1003 2460 341)
1037 2405 1101 2446 ΙΙΙ
1134 2406 1231 2447 691.
1290 2420 1339 2446 ea
1373 2407 1515 2446 autem
1550 2421 1656 2461 quae
1689 2407 1792 2449 Aen.

97 2472 202 2515 VIII
246 2474 332 2515 294
369 2474 413 2515 in
443 2473 707 2516 Floriacensi
752 2475 940 2530 vulgatis
981 2476 1124 2517 addita
1163 2479 1263 2517 sunt
1294 2477 1370 2518 am
1402 2476 1580 2518 Pholum
1611 2491 1693 2519 ozon
1724 2479 1792 2519 ab·

94 2543 254 2586 horrere
290 2559 317 2585 a
352 2559 447 2586 vera
483 2545 657 2588 historia
695 2547 874 2588 tradunt.
936 2546 1094 2589 Pholus
1130 2548 1239 2588 emm
1276 2548 1374 2589 dum
1413 2549 1591 2589 miratur
1621 2550 1793 2602 sayzssttas

94 2614 288 2657 Herculis
318 2616 464 2668 quibus
496 2619 551 2657 tot
582 2616 804 2658 Centauros
836 2617 1107 2672 >interfecerat,
1147 2632 1234 2659 rema
1265 2632 1314 2659 ex
1345 2619 1429 2659 illis
1460 2620 1505 2659 ‘in
1531 2620 1673 2671 pedem
1705 2621 1790 2661 edus

93 2686 254 2737 decant,
285 2686 399 2728 cuius
429 2687 590 2728 vulnere
614 2689 760 2729 sanari
784 2702 867 2729 uon
889 2689 1026 2740 potnit
1058 2687 1245 2729 Luctatii
1272 2688 1437 2730 Placidi
1470 2690 1522 2731 ad
1550 2688 1656 2730 Stat.
1685 2690 1788 2730 Ach.

93 2754 113 2795 I
146 2756 229 2797 238
270 2757 517 2798 testimonio
551 2757 692 2812 Aspro
732 2757 943 2798 vindicari
983 2757 1189 2814 Suringar
1227 2759 1327 2800 hist.
1361 2760 1452 2801 crit.
1487 2760 1617 2801 schol.
1650 2761 1720 2801 lat.
1746 2760 1787 2801 Il

93 2840 132 2879 p.
168 2826 249 2867 130
282 2826 400 2868 vidit.

211 2896 266 2938 M.
298 2896 502 2940 Valerio
535 2898 699 2940 Probo
739 2899 953 2954 Berytio
1000 2915 1049 2941 ex
1095 2900 1307 2942 additiciis
1354 2900 1526 2941 scholiis
1571 2901 1668 2954 quid
1713 2902 1786 2942 tri-

93 2966 309 3008 buendum
351 2982 441 3009 esse
483 2972 630 3023 putem
671 2972 899 3024 antequam
941 2985 1167 3025 exponam,
1212 2972 1358 3025 paucis
1403 2972 1614 3025 explicare
1647 2973 1786 3023 liceat,

93 3050 167 3078 cur
203 3037 248 3078 in
280 3036 528 3080 Cassellano
562 3040 724 3082 scholio
762 3041 815 3082 ad
848 3041 952 3082 Aen.
984 3041 1003 3082 Ι
1036 3043 1088 3082 21
1130 3042 1345 3095 adscripto
1383 3045 1420 3083 ct
1452 3041 1563 3083 ‘Ieme
1586 3044 1786 3096 populum
