2132 3354
200 124 248 158 IV
896 121 1182 158 PRAEFATIO.

199 232 371 274 nalibus
405 230 598 273 Servium
631 232 841 273 dicentem
874 231 992 285 fecit,
1024 231 1189 285 optima
1221 244 1410 283 quaeque
1445 244 1469 270 a
1502 230 1785 284 grammatico
1818 230 1891 271 illo

201 306 376 357 propter
409 303 644 357 exquisitae
677 302 895 343 doctrinae
929 302 1093 356 copiam
1126 300 1300 342 laudato
1335 300 1512 354 scripta,
1550 300 1715 355 reliqua
1748 315 1797 341 ex
1824 315 1894 342 an-

202 374 418 427 tiquorum
461 373 740 427 interpretum
785 372 962 414 diversis
1008 370 1321 412 commentariis
1366 370 1525 411 selecta
1580 385 1671 412 esse
1718 371 1893 412 censuit.

201 443 460 497 Josephus
499 442 748 496 Scaliger,
795 443 862 484 cui
894 442 1048 483 Daniel
1087 443 1316 494 antequam
1354 441 1519 494 plenior
1559 442 1889 482 commentarius

204 514 341 555 editus
387 516 498 555 esset
539 514 676 554 multa
721 528 769 554 ex
816 513 903 554 suis
942 512 1063 553 libris
1108 510 1322 564 exscripta
1363 511 1558 564 miserat,
1602 511 1646 552 in
1685 512 1801 554 notis
1841 511 1893 552 ad

203 584 410 626 Varronis
450 584 485 624 d.
518 599 548 624 r.
582 598 613 625 r.
646 583 779 625 libros
819 581 878 637 (p.
909 583 994 623 273
1036 581 1096 622 ed.
1130 579 1274 636 steph.
1313 596 1349 622 a.
1387 579 1518 637 1573)
1561 580 1714 634 Servii,
1757 581 1893 623 erudi-

204 654 360 696 tissimi
392 653 576 708 Vergilii
608 654 875 708 interpretis,
908 652 1311 694 commentariorum
1343 654 1512 694 tantum
1545 653 1726 695 cadaver
1752 667 1895 694 mona-

204 725 379 766 chorum
411 725 610 766 barbarie
642 740 688 766 ac
722 724 925 778 spurcitia
957 722 1295 765 contaminatum
1329 738 1550 777 superesse
1583 724 1701 765 dixit.
1764 723 1891 765 Scali-

206 796 299 850 geri
337 796 592 837 sententiam
627 796 846 849 amplexus
880 796 945 835 est
977 794 1096 835 Otto
1128 793 1465 845 Ribbeckius,
1509 809 1767 849 quamquam
1801 795 1895 836 sub-

205 866 323 907 tilius
370 870 412 907 et
455 866 610 907 certius
652 881 777 920 quam
822 866 892 906 ille
932 864 1033 919 quid
1071 864 1202 906 vellet
1241 865 1512 919 significavit.
1568 880 1669 906 nam
1715 863 1895 921 (proleg.

205 953 244 991 p.
280 937 362 978 104
383 951 471 991 sqq.
505 940 546 977 et
577 936 706 990 praef.
738 951 777 991 p.
809 935 891 977 XII
911 933 989 990 sq.)
1022 938 1064 976 et
1100 935 1338 977 breviorem
1378 935 1735 977 commentarium
1775 939 1818 977 et
1849 951 1898 978 ea

207 1022 314 1062 quae
352 1007 396 1048 in
428 1006 623 1049 Danielis
663 1007 784 1048 libris
822 1006 920 1048 huic
959 1006 1104 1048 addita
1146 1009 1289 1048 essent
1327 1021 1376 1048 ex
1417 1007 1583 1062 integro
1617 1004 1752 1049 Servii
1785 1022 1895 1048 com-

207 1078 434 1129 mentario,
466 1093 590 1132 quem
623 1078 674 1119 iis
707 1092 812 1132 quae
845 1077 971 1119 hodie
1004 1077 1081 1118 sub
1115 1076 1353 1119 doctissimi
1383 1077 1498 1119 illius
1527 1078 1797 1132 grammatici
1822 1093 1895 1119 no-

208 1149 320 1190 mine
358 1149 569 1190 ferrentur
600 1149 833 1203 pleniorem
865 1148 995 1189 fuisse
1029 1147 1110 1189 sibi
1142 1148 1375 1202 persuasit,
1422 1149 1636 1202 exscripta
1668 1163 1759 1190 esse
1791 1149 1898 1190 dixit

207 1220 335 1274 idque
367 1219 584 1261 Macrobio
623 1219 804 1260 maxime
843 1221 1092 1272 comparato
1125 1219 1286 1260 firmari
1318 1219 1466 1261 voluit.
1515 1219 1643 1274 longe
1675 1220 1802 1261 aliter
1834 1221 1893 1262 iu-

209 1290 456 1332 dicaverunt
505 1290 805 1331 Pancratius
855 1289 1130 1331 Masvicius
1183 1292 1225 1331 et
1270 1288 1553 1331 Odofredus
1604 1289 1899 1334 Muellerus.

208 1361 280 1402 ille
314 1362 425 1402 enim
459 1360 530 1402 ‘de
550 1360 667 1402 Petri
686 1360 902 1402 Danielis’
935 1361 1073 1415 inquit
1105 1359 1458 1415 ‘supplementis,
1491 1375 1598 1415 quae
1626 1376 1675 1402 ex
1695 1360 1898 1404 Fuldensi

209 1432 351 1473 codiee
392 1432 585 1473 hausisse
630 1448 673 1473 se
714 1432 778 1473 vir
822 1432 970 1473 doctus
1014 1434 1198 1473 testatus
1244 1434 1325 1485 est,
1370 1432 1470 1486 quid
1514 1432 1697 1474 sentiam
1743 1433 1898 1475 dubius

213 1503 385 1556 haere03
427 1505 473 1543 ut
506 1506 649 1545 tamen
682 1503 813 1544 animi
847 1518 967 1544 sensa
999 1503 1132 1544 libere
1164 1503 1413 1557 proloquar,
1451 1503 1554 1545 licet
1584 1504 1776 1558 profecto
1810 1504 1900 1547 Ser—

212 1574 280 1614 vio
308 1573 635 1627 haudquaquam
663 1574 748 1615 sint
773 1574 966 1629 indigna,
995 1574 1046 1615 ab
1073 1574 1167 1628 ipso
1194 1576 1340 1616 tamen
1360 1573 1506 1616 Servio
1532 1575 1725 1629 profecta
1757 1577 1900 1619 nullus

211 1643 477 1698 crediderim,
511 1645 583 1686 sed
616 1660 663 1686 ex
692 1645 863 1687 Graecis
890 1645 1136 1700 Latinisque
1171 1645 1343 1687 scholiis
1377 1660 1402 1687 a
1433 1645 1523 1687 viro
1559 1646 1742 1701 quodam
1774 1647 1899 1689 docto

212 1714 391 1756 collecta
423 1717 466 1755 ct
497 1715 658 1769 addita,
692 1719 817 1771 atque
850 1717 911 1758 ita
946 1717 1010 1757 vel
1047 1731 1122 1770 per
1148 1731 1336 1758 errorem
1363 1715 1511 1757 deinde
1539 1716 1606 1758 vel
1632 1716 1775 1759 dedita
1801 1734 1900 1774 quo-

162 1785 167 1790 '
213 1799 292 1840 que
331 1800 459 1838 opera
493 1784 638 1827 Servio
678 1787 907 1841 adscripta,
949 1787 1072 1828 sicuti
1112 1787 1258 1828 doctas
1292 1787 1381 1828 eius
1417 1786 1532 1828 modi
1563 1786 1733 1829 fraudes
1766 1789 1901 1831 factas

213 1855 463 1910 quandoque
496 1859 644 1897 notum
678 1858 768 1899 est’.
809 1858 1038 1899 Muellerus
1073 1861 1215 1899 autem
1246 1858 1321 1899 ubi
1353 1858 1397 1899 in
1427 1857 1694 1912 praefatione
1721 1859 1822 1900 libri
1849 1860 1898 1902 de

212 1926 406 1967 Etruscis
442 1926 589 1980 scripti
622 1925 679 1981 (p.
710 1926 753 1983 8)
787 1929 1059 1983 antiquorum
1091 1928 1275 1984 Vergilii
1305 1929 1589 1983 interpretum
1622 1929 1671 1970 de
1703 1931 1901 1972 vetustis-

215 1997 334 2038 simis
372 1996 579 2037 Italorum
623 1998 767 2052 rebus,
804 1998 854 2040 de
894 2014 1013 2041 sacro
1053 1998 1343 2041 Romanorum
1382 1999 1489 2052 iure,
1536 1998 1585 2040 de
1623 1998 1901 2043 Etruscorum

215 2067 440 2121 disciplina
490 2067 736 2109 testimonia
781 2069 1010 2111 utilissima
1054 2070 1135 2111 sibi
1179 2069 1312 2111 fuisse
1362 2068 1580 2123 professus
1625 2071 1707 2127 est,
1758 2087 1902 2114 eorum

216 2138 463 2179 memoriam
504 2152 590 2179 non
628 2153 652 2178 a
685 2137 848 2191 Servio,
887 2140 959 2181 sed
998 2141 1050 2182 ab
1090 2141 1165 2182 illo
1211 2142 1509 2182 conservatam
1553 2154 1644 2181 esse
1689 2139 1796 2181 dixit-
1833 2137 1904 2192 qui

216 2224 265 2250 ea
306 2209 550 2263 collegisset
594 2223 701 2262 quae
746 2210 789 2250 in
834 2211 980 2263 paucis
1026 2211 1149 2252 libris
1183 2210 1227 2266 (i.
1269 2226 1301 2252 e.
1340 2212 1383 2252 in
1422 2209 1683 2266 Danielinis)
1729 2209 1903 2264 vulgato

217 2279 522 2321 commentario
556 2279 699 2320 addita
732 2284 871 2321 essent
903 2284 945 2322 et
978 2282 1029 2323 ab
1058 2282 1292 2324 editoribus
1320 2283 1485 2324 uncinis
1512 2281 1673 2323 includi
1700 2280 1905 2322 solerent:

217 2365 345 2405 quare
371 2364 456 2391 non
478 2348 679 2404 Servium,
712 2351 785 2391 scd
811 2352 1064 2406 interpretes
1092 2354 1201 2407 apud
1225 2352 1418 2395 Servium
1446 2368 1489 2394 se
1516 2353 1787 2394 laudaturum
1814 2365 1905 2391 esse

217 2421 289 2462 ubi
305 2421 564 2462 testimoniis
580 2421 664 2461 illis
686 2436 785 2462 usus
808 2425 931 2463 esset.
970 2421 1081 2463 idem
1103 2423 1145 2464 in
1166 2423 1282 2465 Festi
1303 2423 1537 2477 exemplari
1557 2421 1708 2477 (praef.
1729 2436 1769 2476 p.
1783 2418 1905 2477 XIV)

218 2491 416 2545 antiquos
431 2491 615 2545 Vergilii
636 2491 889 2545 interpretes
911 2492 982 2546 qui
1009 2507 1103 2533 cum
1124 2492 1269 2535 Servio
1302 2493 1523 2534 commixti
1555 2495 1696 2534 essent
1728 2505 1907 2533 comme-

219 2562 414 2603 moravit.
464 2577 559 2603 cum
591 2562 657 2603 his
692 2565 927 2617 congruunt
960 2563 1046 2604 fere
1074 2578 1180 2617 quae
1214 2580 1237 2605 a
1270 2578 1336 2605 me
1370 2564 1471 2605 olim
1503 2563 1628 2617 (mus.
1649 2562 1783 2604 Rhen.
1803 2561 1906 2603 XIV

218 2648 256 2686 p.
279 2632 364 2674 535
381 2647 469 2687 sqq.
502 2631 580 2674 XV
601 2648 640 2686 p.
661 2633 739 2673 119
750 2647 840 2687 sqq.
879 2636 1040 2686 quaest.
1062 2632 1175 2676 Serv.
1197 2633 1294 2675 Hal.
1325 2633 1454 2689 1867)
1483 2634 1532 2675 de
1558 2634 1639 2675 hae
1660 2634 1907 2687 quaestione

219 2703 441 2757 proposita
479 2706 579 2744 sunt
615 2717 749 2757 neque
788 2704 931 2744 tamen
970 2703 1097 2757 plena
1142 2706 1183 2744 et
1229 2705 1342 2745 iusta
1388 2703 1908 2759 argumentationecom-

219 2774 393 2827 probari
425 2777 668 2827 potuerunt.
729 2773 839 2829 quod
871 2776 971 2814 tunc
1006 2774 1210 2815 omissum
1244 2778 1308 2815 est
1339 2778 1386 2816 ut
1417 2775 1497 2816 hoc
1530 2774 1624 2816 loco
1658 2772 1909 2815 exhibeatur

220 2858 393 2897 operam
421 2844 541 2885 dabo.
593 2843 665 2885 sed
692 2847 919 2898 antequam
948 2843 999 2884 ad
1027 2858 1120 2884 eam
1153 2858 1241 2885 rem
1275 2859 1340 2886 me
1372 2847 1630 2898 convertam,
1661 2844 1767 2885 illud
1801 2859 1909 2886 com-

220 2915 540 2955 memorandum
574 2918 655 2968 est,
688 2915 730 2956 in
764 2915 911 2956 eodem
940 2916 1190 2969 argumento
1217 2930 1351 2968 nuper
1378 2918 1592 2957 versatum
1627 2930 1717 2957 esse
1743 2914 1909 2956 Aemi-

220 2985 341 3025 lium
375 2985 609 3039 Thomas,
642 2986 711 3039 qui
734 3000 844 3026 anno
876 2986 985 3026 1879
1007 2985 1182 3026 Parisiis
1215 2985 1369 3026 librum
1397 2987 1529 3027 edidit
1560 2986 1678 3027 cuius
1710 2985 1814 3027 hacc
1846 2988 1911 3026 est

223 3055 444 3108 inscriptio
478 3054 618 3096 ‘Essai
653 3071 722 3097 sur
757 3055 926 3097 Servius
960 3057 1002 3097 et
1033 3069 1108 3096 son
1142 3056 1445 3096 commentaire
1479 3072 1550 3098 sur
1582 3055 1774 3111 Virgile'.
1828 3056 1910 3110 vqui
