2204 3437
407 187 494 228 420
1173 180 1330 216 SERVJI

527 295 624 335 439.
678 305 846 335 vlc'rme
896 290 1107 345 propositi
1151 289 1215 330 tui
1260 288 1450 341 effector,
1499 289 1551 327 ut
1593 285 1676 326 illi
1718 285 1871 326 victor
1916 298 2014 337 eqo,
2062 285 2105 324 et

413 367 560 419 Tyrio
593 369 630 406 et
658 365 825 416 reliqua.

527 437 624 476 441.
676 445 897 475 CYMAEAM
930 443 1088 473 VRBEM
1121 431 1231 472 sicut
1257 429 1398 483 <293>
1426 426 1673 468 Buthroti
1706 439 1887 479 arcem,
1919 425 2104 478 <1244>

410 507 603 548 fontem
636 504 854 545 Timavi.
915 503 1094 544 Euboea
1137 500 1278 541 insula
1318 501 1399 552 est,
1443 498 1493 538 de
1533 497 1650 538 cuius
1691 496 1866 538 civitate
1904 494 2105 536 Chalcide

414 577 595 631 profecti
628 577 727 616 sunt
759 574 809 615 ad
843 588 973 614 novas
1008 572 1127 613 sedes
1162 569 1439 625 quaerendas,
1473 570 1514 608 et
1544 567 1661 608 haud
1687 567 1814 621 longe
1842 565 1999 619 aBais,
2033 564 2105 619 qui

410 648 527 688 locus
568 662 592 688 a
632 645 747 687 socio
780 644 921 686 Ulixis
954 643 1060 684 Baio
1104 642 1192 683 illic
1234 640 1402 694 sepulto
1444 653 1600 680 nomen
1632 637 1813 691 accepit,
1854 636 2107 677 invenerunt

412 732 591 759 vacuum
625 717 740 770 litus,
772 715 846 756 ubi
879 714 971 755 visa
1004 713 1181 753 muliere
1215 710 1392 765 gravida
1419 709 1639 750 civitatem
1666 707 1964 749 condiderunt:
1997 720 2106 760 quae

412 803 478 829 res
516 787 742 828 fecundam
781 784 1033 826 ostendebat
1072 782 1161 823 fore
1200 796 1290 822 rem
1323 780 1559 834 publicam:
1598 781 1640 819 et
1672 793 1764 819 eam
1798 778 1954 818 Cumas
1986 791 2107 818 voca-

366 586 386 615 CI

412 862 580 911 verunt,
621 857 709 898 sive
743 856 795 897 ab
830 852 989 911 ἐγκύῳ,
1027 854 1071 894 1(1
1104 855 1170 894 est
1202 854 1487 906 praegnante,
1528 850 1616 890 sive
1650 845 1733 890 ἀπὸ
1765 848 1855 889 τῶν
1886 844 2108 901 κυμάτων,

345 938 387 968 10
413 930 455 970 1(1
488 931 552 970 est
584 928 723 980 undis3
755 941 856 966 nam
888 924 1057 978 κύματα
1091 923 1300 964 dicuntur.
1333 920 1390 961 ‘v’
1425 924 1568 962 autem
1594 919 1737 960 Latini
1771 919 1815 959 in
1841 917 1899 959 ‘u'
1926 920 2110 971 vertunt,

415 1003 462 1040 ut
495 997 680 1053 ‘Byrria’
715 994 912 1037 ‘Burria’.

533 1070 629 1110 442.
680 1077 965 1116 DIVINOSQVE
1006 1076 1152 1106 LACVS
1196 1065 1487 1116 consecratos,
1529 1061 1746 1102 Avernum
1787 1063 1829 1101 et
1868 1058 2109 1100 Lucrinum.

416 1139 649 1182 ‘Avernus’
690 1141 832 1180 autem
877 1137 921 1177 in
965 1136 1123 1190 plurali
1166 1149 1344 1176 numero
1383 1132 1591 1174 ‘Averna’
1628 1132 1749 1185 facit,
1792 1133 1840 1171 ut
1879 1128 2110 1171 ‘tartarus'

417 1209 641 1252 ‘tartara'z
681 1209 790 1250 unde
830 1211 896 1248 est
936 1206 1124 1248 ‘Averna
1165 1205 1366 1247 sonantia
1399 1202 1555 1245 silvis'.
1619 1217 1720 1244 sane
1759 1202 1828 1242 1116
1860 1201 1978 1242 lacus
2011 1202 2109 1240 ante

349 1293 390 1322 15
419 1282 622 1323 silvarum
664 1279 875 1321 densitate
914 1278 974 1319 sic
1007 1277 1294 1329 ambiebatur,
1334 1278 1382 1315 ut
1415 1274 1617 1315 exhalans
1649 1272 1745 1313 inde
1777 1287 1853 1326 per
1886 1270 2109 1326 angustias

416 1367 550 1406 aquae
583 1351 808 1404 sulpureae
841 1349 944 1390 odor
977 1347 1258 1402 gravissimus
1291 1344 1614 1399 supervolantes
1647 1358 1745 1384 aves
1777 1344 1968 1383 necaret:
2000 1340 2109 1381 unde

417 1426 459 1463 et
491 1422 685 1464 Avernus
724 1421 862 1461 dictus
903 1421 982 1472 est,
1022 1417 1145 1472 quasi
1182 1413 1357 1471 ἄορνος.
1408 1429 1535 1469 quam
1572 1429 1661 1455 rem
1700 1413 1924 1467 Augustus
1958 1410 2113 1452 Caesar

416 1492 685 1547 intellegens,
718 1491 892 1532 deiectis
927 1489 1047 1530 silvis
1081 1503 1131 1529 ex
1163 1486 1465 1541 pestilentibus
1500 1499 1678 1526 amoena
1709 1483 1893 1525 reddidit
1924 1483 2029 1523 loca.

534 1563 632 1603 443.
682 1572 886 1602 INSANAM
919 1571 1075 1600 VATEM
1107 1558 1181 1599 alii
1213 1571 1414 1612 magnam
1449 1556 1606 1609 dicunt,
1639 1555 1710 1596 sed
1743 1554 1896 1595 melius
1924 1553 2000 1594 deo
2028 1552 2114 1606 ple-

348 1646 393 1676 20
418 1649 516 1674 nam
558 1636 599 1673 et
636 1630 978 1673 vaticinati·icem
1017 1628 1324 1683 intellegimus.
1473 1643 1650 1669 nvsANAM
1683 1627 1824 1677 rancis]
1864 1625 1999 1677 ssqm’a
2035 1624 2113 1664 duo

415 1718 563 1757 ymera
594 1703 848 1744 vaticinandi·
879 1705 991 1751 sum,
1032 1704 1107 1742 aut
1135 1699 1323 1752 simpla,
1364 1701 1409 1738 ut
1440 1697 1605 1750 Heleni,
1637 1699 1711 1737 (11ιὲ
1732 1710 1808 1748 per
1837 1696 2038 1747 furorem,
2069 1696 2115 1733 ut

419 1775 610 1828 Sibyllae.
738 1774 879 1824 mmm]
923 1771 1053 1824 [qma]
1096 1773 1202 1811 vates
1234 1783 1259 1810 (ι
1290 1769 1330 1809 υἱ
1361 1769 1505 1809 mentis
1535 1768 1773 1821 awoellatos,
1814 1766 1944 1807 Varro
1975 1767 2114 1805 auctor

421 1844 521 1887 6312*
644 1856 726 1886 SVB
760 1855 843 1884 ΙΜΑ
874 1843 918 1883 111
950 1842 1054 1896 ima,
1098 1844 1146 1882 ut
1177 1853 1390 1893 namque
1424 1838 1511 1879 sub
1545 1837 1743 1891 ingenti
1775 1836 1969 1877 lustrat
2000 1835 2113 1875 dum

423 1916 627 1970 singula
659 1914 863 1967 templo.

521 2036 536 2065 1
566 2031 637 2076 illi]
665 2042 789 2075 georg.
819 2030 867 2063 Ill
896 2030 1008 2073 17114
1029 2028 1180 2062 Euboea
1208 2055 1213 2060 .
1237 2055 1242 2060 .
1267 2055 1273 2061 .
1300 2025 1423 2070 undis]
1452 2036 1565 2059 exscr.
1592 2024 1775 2068 mythogr.
1804 2023 1818 2056 Ι
1841 2026 1907 2056 145
1927 2023 1938 2066 Ι]
1960 2026 2003 2055 14
2030 2032 2116 2056 sane

383 2087 390 2092 ’
424 2078 484 2112 1116
509 2079 609 2113 lacus
636 2106 643 2112 .
672 2106 678 2111 .
707 2104 714 2110 .
741 2078 839 2121 loca]
868 2087 982 2110 exscr.
1011 2075 1097 2109 lsid.
1125 2086 1175 2109 or.
1203 2073 1288 2107 XIII
1317 2077 1370 2115 19,
1398 2073 1511 2116 81122
1540 2071 1672 2115 Varro]
1701 2070 1745 2104 cf.
1773 2070 1817 2104 de
1843 2069 1866 2103 l.
1893 2069 1916 2103 l.
1943 2069 2011 2102 VII
2038 2073 2082 2102 36
2103 2068 2113 2113 ᾗ]

424 2127 531 2159 vates
560 2153 565 2159 .
595 2154 601 2160 .
631 2153 637 2159 .
665 2124 888 2168 appellatos]
917 2122 961 2156 cf.
990 2121 1073 2155 Isid.
1102 2133 1152 2156 or.
1180 2121 1248 2154 Vll
1276 2124 1330 2164 12,
1359 2123 1399 2153 15

521 2236 540 2265 3
569 2243 701 2265 enimn
735 2229 764 2263 G
803 2231 814 2273 ΙΙ
858 2229 988 2273 vunnu]
1023 2238 1189 2271 cymeam
1223 2227 1347 2260 autem
1380 2225 1508 2259 urbem
1541 2225 1624 2258 add.
1660 2224 1729 2258 Me
1778 2233 1843 2267 per
1874 2222 2002 2256 urbem
2034 2222 2117 2255 add.

427 2278 466 2312 E
483 2280 494 2322 Ι]
513 2278 608 2312 sicut
635 2306 641 2311 .
664 2304 670 2311 .
698 2306 704 2311 .
732 2276 878 2310 Timavi
904 2286 968 2309 om.
996 2274 1035 2308 F
1041 2274 1071 2308 G
1087 2275 1098 2319 Ι]
1124 2273 1262 2317 bytroti
1282 2274 1315 2306 L
1353 2272 1491 2306 butroti
1512 2272 1554 2305 II
1560 2272 1605 2304 M
1613 2282 1629 2305 e
1665 2270 1765 2305 busti
1784 2269 1823 2303 E
1840 2271 1851 2313 Ι]
1877 2273 1898 2303 4
1925 2268 2118 2309 chalchide

428 2326 461 2358 L
501 2325 678 2359 chachide
706 2324 749 2357 H
792 2323 960 2357 calchide
995 2322 1135 2364 reliqui.
1174 2320 1316 2354 incolae
1343 2320 1426 2354 add.
1454 2319 1652 2352 Fabricius
1688 2318 1699 2361 Ι]
1736 2320 1755 2350 5
1782 2316 1901 2361 sedes]
1928 2316 2018 2349 fides
2044 2315 2084 2349 F
2106 2315 2117 2359 11

429 2384 450 2406 a
474 2372 575 2416 Bais]
604 2373 650 2406 ab
676 2371 733 2405 his
760 2371 798 2404 F
822 2372 833 2414 Ι]
859 2374 878 2404 6
906 2369 997 2403 socii
1023 2368 1061 2401 F
1079 2368 1090 2411 Ι]
1110 2372 1128 2401 7
1157 2367 1251 2412 visa]
1280 2367 1380 2400 iussa
1409 2365 1464 2410 Ul}
1485 2372 1504 2400 ὃ
1532 2365 1729 2399 secundam
1755 2363 1794 2397 F
1811 2365 1822 2407 Η
1842 2363 1918 2397 fore
1944 2362 2038 2406 rem]
2065 2362 2121 2395 fu-

428 2430 547 2453 rorem
576 2419 606 2453 0
622 2421 633 2462 ΙΙ
652 2420 832 2453 uocarunt
857 2416 1060 2459 FOMEU
1080 2419 1099 2448 9
1127 2414 1173 2449 ab
1200 2425 1245 2448 60
1270 2426 1344 2448 nrm
1371 2413 1497 2447 FLE
1532 2412 1579 2446 ab
1606 2423 1721 2445 exui-w
1744 2410 1773 2444 G
1807 2422 1971 2443 Annxmwx
1998 2409 2042 2442 H
2073 2408 2118 2443 ab

430 2478 547 2500 601(γο
578 2466 625 2499 M
662 2466 708 2499 ab
735 2462 871 2508 ἐγκύου
898 2464 1002 2506 611190
1040 2463 1051 2505 ΙΙ
1089 2472 1111 2495 a
1134 2459 1337 2505 =pracgnate
1366 2460 1395 2493 C
1423 2460 1434 2503 ΙΙ
1472 2470 1545 2493 auo
1572 2469 1652 2492 'ram
1679 2467 1840 2491 nvmdxrou
1869 2455 1899 2490 C
1934 2469 2003 2490 ΛΠΟ
2030 2468 2120 2489 Turn

430 2526 595 2546 KYMATON
622 2513 655 2545 L
695 2525 775 2545 Asso
803 2524 869 2544 ’1οΝ
895 2522 1058 2543 Krim'mx
1084 2508 1126 2541 H
1148 2509 1160 2552 ΙΙ
1187 2512 1229 2542 10
1256 2508 1302 2541 ab
1328 2506 1436 2540 undis
1464 2506 1557 2540 ME
1580 2506 1591 2548 Ι]
1617 2515 1725 2538 menan
1753 2502 1977 2537 FCHME
2012 2513 2122 2536 firma.

431 2560 464 2593 L
483 2561 494 2602 ΙΙ
514 2557 559 2593 κύ
569 2572 666 2603 ματα
687 2558 805 2592 undae
827 2557 1024 2591 Fabricius
1041 2556 1183 2599 primus
1202 2557 1213 2598 ΙΙ
1233 2555 1453 2589 conuertunt
1468 2554 1513 2586 M
1532 2554 1543 2596 ΙΙ
1565 2557 1604 2585 11
1628 2551 1757 2585 Eum-ia
1777 2561 1842 2584 om.
1864 2550 1897 2583 L
1925 2549 2121 2593 Cymaeam

432 2610 555 2640 autem
588 2606 715 2639 urbem
749 2605 844 2638 sicut
875 2603 1014 2637 butroti
1039 2613 1160 2636 arcem
1188 2603 1224 2636 et
1249 2601 1387 2635 fontem
1413 2600 1545 2634 timaui
1572 2600 1654 2633 adel.
1684 2597 1713 2631 C
1746 2600 1758 2641 ΙΙ
1798 2601 1839 2631 13
1867 2597 1958 2631 haec
1984 2606 2121 2631 auerna

434 2654 481 2687 M
490 2653 529 2687 E
546 2654 557 2697 ΙΙ
579 2657 619 2687 15
648 2652 795 2686 exalans
822 2651 908 2684 libri
927 2652 938 2693 ΙΙ
959 2654 1000 2683 16
1027 2649 1220 2692 sulpureae
1250 2647 1278 2681 G
1313 2647 1532 2691 sulphureae
1557 2646 1688 2689 reliqui
1706 2646 1717 2687 Ι]
1736 2644 2058 2688 superuoluntates
2085 2641 2125 2676 F

432 2699 742 2744 superuolitantes
771 2698 800 2732 (J
834 2699 846 2741 ΙΙ
886 2701 924 2731 17
955 2708 1091 2729 Λο1>1106
1120 2696 1168 2728 Μ
1202 2697 1214 2739 ΙΙ
1254 2699 1293 2728 19
1321 2705 1493 2738 magnam
1521 2692 1648 2728 dicunt
1672 2691 1759 2735 quia
1784 2690 1856 2725 (100
1883 2701 2018 2735 genera
2044 2717 2051 2724 .
2079 2716 2087 2723 .
2115 2716 2121 2722 .

432 2748 548 2781 Varro
575 2748 704 2780 auctor
731 2746 786 2779 est
812 2745 875 2778 sed
901 2743 1032 2777 melius
1055 2771 1061 2776 .
1084 2770 1091 2777 .
1113 2770 1119 2775 .
1142 2741 1393 2785 intellegimus
1413 2740 1452 2774 F
1469 2741 1480 2784 ΙΙ
1499 2744 1543 2774 20
1570 2737 1836 2782 intellegimus]
1864 2736 2122 2780 intellegamus

434 2795 483 2836 l),
510 2794 646 2828 addens
678 2804 699 2827 a
725 2792 947 2826 Graecorum
979 2791 1138 2824 tractum
1172 2787 1398 2832 etymologia
1430 2787 1493 2830 qui
1526 2784 1676 2831 μάντεις
1708 2782 1782 2818 ἀπὸ
1809 2784 1873 2827 τῆς
1899 2784 2033 2827 μανίας
2058 2794 2120 2826 ap-

434 2841 676 2884 pellaverunt.
727 2850 813 2873 nam
842 2848 952 2882 supra
978 2847 1104 2870 sensus
1131 2837 1310 2869 humanos
1336 2833 1593 2877 intellegentia
1616 2833 1719 2867 furor
1744 2833 1782 2866 et
1805 2830 1950 2864 insa-nia
1975 2828 2123 2873 dicitur,

436 2889 527 2921 teste
556 2886 730 2921 Cicerone
769 2886 833 2919 lib.
873 2886 917 2918 (16
950 2882 1177 2917 diuinatione
1210 2883 1237 2925 (Ι
1268 2886 1303 2925 1,
1332 2884 1364 2924 1)
1400 2880 1500 2914 ‘huic
1531 2877 1871 2924 praestantissimae
1905 2876 1958 2911 rei
1989 2887 2123 2910 nomen

436 2934 551 2968 nostri
577 2945 598 2967 a
623 2933 736 2975 diuis,
764 2931 895 2966 Gracci
921 2932 962 2964 ut
986 2930 1092 2964 Plato
1118 2929 1382 2972 interpretatur
1408 2939 1429 2961 a
1456 2928 1578 2961 furore
1605 2924 1800 2967 dixerunt',
1826 2935 1947 2957 rursus
1973 2924 2000 2967 (1
2029 2926 2061 2964 2,
2088 2924 2125 2966 4)

440 2980 585 3015 ‘furoris
605 2979 872 3014 diuinationem
888 2976 1078 3021 Sibyllinis
1098 2975 1257 3009 maxime
1279 2974 1444 3009 uersibus
1463 2973 1643 3007 contineri
1662 2970 1858 3006 arbitrati’.
1886 2970 1981 3003 unde
2002 2969 2122 3003 adhuc

438 3028 498 3069 qui
524 3026 697 3071 inspirari
717 3026 835 3060 solent
856 3024 991 3059 fatuari
1011 3023 1191 3057 dicuntur.
1226 3021 1403 3065 Virgilius
1418 3021 1482 3064 (VI
1499 3023 1554 3062 11)
1578 3020 1765 3063 ‘magnam
1786 3016 1845 3051 cui
1864 3018 2026 3050 mentem
2047 3016 2122 3050 ani-

438 3086 608 3116 mumque
636 3073 762 3106 Delius
794 3071 952 3116 inspirat
976 3070 1107 3105 uates’.
1155 3068 1264 3112 (unde
1291 3068 1409 3101 adhuc
1437 3095 1443 3101 .
1473 3095 1479 3101 .
1508 3094 1514 3101 .
1542 3066 1711 3100 dicuntur
1741 3065 1848 3098 verba
1873 3067 1957 3098 sunt
1983 3063 2124 3096 Iustini

438 3124 493 3163 43,
522 3124 552 3162 1,
579 3121 613 3162 ὅ)
640 3123 650 3162 ΙΙ
676 3123 718 3152 ‘22
747 3119 890 3153 sibillae
918 3118 957 3151 F
979 3119 990 3161 ΙΙ
1017 3116 1151 3150 mentis
1177 3127 1219 3150 ea·
1245 3116 1386 3148 mentes
1412 3114 1452 3147 F
1475 3115 1487 3157 Ι]
1518 3113 1700 3157 apellatos
1726 3111 1764 3144 F
1792 3112 1804 3155 fl
1835 3114 1879 3144 24
1904 3110 2060 3154 templo]
2087 3110 2125 3144 et
