2204 3437
524 202 673 237 COMM.
700 203 752 236 IN
779 203 919 237 VERG.
947 204 1057 238 AEN.
1086 204 1110 238 Ι.
1141 208 1335 239 101—108.
1723 208 1775 246 51

84 308 377 350 incumbere
409 310 581 365 remis,
614 310 849 365 obliquat
881 310 1022 351 sinus
1055 310 1106 351 in
1138 314 1330 353 ventos.
1438 315 1475 353 et
1504 313 1575 354 7200
1605 315 1651 354 de
1682 316 1779 355 mcci

83 379 258 429 Aeneae,
284 393 340 419 an
368 380 415 420 (le
440 380 626 422 omnibus
650 381 786 422 dixit?
911 398 990 422 Tm!
1018 399 1173 423 mmmm
1197 399 1369 424 AVERTJT
1397 383 1474 423 alred
1506 383 1670 436 ‘prora'
1704 385 1779 438 Ieffl'

83 451 259 491 tradem&
392 462 594 491 AVERTIT
643 465 720 505 pro
772 450 1040 492 ‘avertitur’.
1114 455 1156 493 et
1207 456 1272 494 est
1322 453 1460 508 figura
1510 455 1777 497 creberrima.

82 522 227 573 potest
258 535 442 575 namque
474 536 550 575 pro
584 522 713 563 activi
738 521 858 563 verbi
886 522 1201 576 significatione
1233 524 1451 577 passivum
1482 525 1602 580 poni,
1635 528 1681 566 ut
1713 530 1779 567 est

82 594 130 632 et
155 591 313 645 pictis
341 592 604 634 bellantur
631 592 913 634 Amazones
948 593 1100 634 armis
1126 608 1203 647 pro
1231 594 1406 636 bellant.
1444 610 1522 637 nec
1547 611 1624 637 nos
1652 597 1779 638 debet
1804 609 1824 639 5

81 677 253 704 movere
295 663 405 717 quod
446 664 583 706 belloi·
622 679 707 706 non
748 664 869 718 facit,
909 666 1064 705 natura
1105 664 1218 705 011101
1259 665 1340 706 1100
1381 666 1615 719 prohibuit.
1676 683 1776 709 nam

81 748 272 787 conpone
304 733 385 775 hoc
417 735 610 788 verbum,
644 736 686 776 et
724 735 940 776 invenitur
977 735 1182 789 activum,
1221 735 1324 777 facit
1364 737 1475 778 enim
1509 737 1675 780 debello
1709 739 1776 781 de-

80 805 228 846 bellor.
291 806 333 845 et
368 808 516 846 contra
546 820 623 859 pro
657 805 819 859 passivi
856 806 977 847 verbi
1016 807 1333 861 significatione
1371 809 1556 851 activum
1590 810 1777 865 ponitur,

79 879 127 917 ut
160 878 224 917 est
256 875 337 917 1100
369 875 566 917 ‘avertit’
598 891 675 930 pro
709 877 933 931 avertitur,
966 880 1008 918 et
1039 878 1271 919 insinuat
1300 894 1457 932 pavor
1482 895 1559 934 pro
1587 881 1777 922 insinua-

79 949 160 997 tur,
194 950 236 987 et
266 961 362 987 nox
393 947 560 988 umida
592 947 732 988 caelo
764 948 1079 1002 praecipitat
1105 963 1181 1002 pro
1208 950 1529 1003 praecipitatur.
1574 951 1647 992 sed
1673 951 1778 992 haec
1806 965 1846 994 10

78 1017 209 1058 verba
246 1018 544 1059 tantummodo
583 1033 660 1072 pro
701 1032 744 1059 se
783 1018 965 1059 invicem
1004 1022 1239 1074 ponuntur,
1277 1034 1385 1074 quae
1424 1024 1467 1062 et
1505 1022 1645 1063 activa
1683 1037 1775 1064 esse

76 1090 258 1141 possunt
295 1090 338 1129 et
373 1088 566 1143 passiva,
611 1091 658 1130 ut
701 1091 766 1130 est
811 1092 956 1131 averto
996 1092 1184 1144 avertor,
1221 1092 1459 1145 praecipito
1503 1093 1775 1147 praecipitor.

77 1172 179 1213 ergo
210 1174 297 1200 non
328 1173 555 1213 possumus
596 1160 735 1202 dicere
775 1160 888 1214 quod
926 1161 1097 1215 quidam
1138 1162 1432 1216 artigraphus,
1470 1163 1774 1206 declinationes

77 1229 205 1270 activi
238 1230 359 1271 verbi
393 1232 435 1271 et
465 1230 628 1285 passivi
659 1245 736 1284 pro
771 1246 815 1272 00
848 1231 1031 1273 invicem
1056 1233 1169 1287 poni.
1210 1248 1311 1275 nam
1345 1238 1387 1276 et
1418 1236 1623 1277 neutralis
1657 1237 1775 1277 verbi

75 1299 304 1343 declinatio
338 1302 478 1343 activa
511 1304 576 1343 001
610 1304 651 1343 01
678 1302 912 1343 0001010010
942 1302 1247 1357 deponentisve
1274 1306 1464 1361 passiva,
1496 1309 1539 1348 et
1565 1306 1679 1348 aliud
1710 1310 1775 1348 est
1804 1320 1844 1349 15

76 1385 167 1411 0000
200 1371 387 1414 activum
419 1372 613 1426 verbum,
646 1373 762 1414 aliud
793 1373 952 1415 habere
986 1374 1115 1415 activi
1148 1376 1268 1416 verbi
1301 1376 1642 1419 declinationem.

197 1442 291 1484 105.
335 1455 428 1484 DAT
460 1455 609 1485 LATvs
649 1443 891 1486 inclinatur.
1014 1456 1204 1487 CVMVLO
1245 1447 1480 1490 altitudine.
1603 1450 1772 1501 emmo]

74 1512 310 1555 exuberante
340 1515 486 1567 fluctu,
518 1528 608 1556 eccm
639 1516 809 1557 emmelo.
930 1527 1232 1559 PRAERVPTVS
1271 1518 1315 1559 in
1358 1519 1492 1561 altum
1524 1520 1702 1561 levatus.

196 1585 290 1626 106.
334 1603 383 1627 HI
414 1599 493 1638 pro
537 1586 603 1627 illc·
645 1586 705 1628 vel
742 1587 835 1641 alii,
873 1590 909 1628 ez}
945 1587 1038 1628 bene
1075 1589 1262 1631 [Ζὶσΐίσῶε.
1383 1607 1450 1632 ms
1479 1605 1557 1643 pro
1595 1591 1678 1633 illis
1715 1592 1775 1633 vel

73 1654 180 1695 aliis.
302 1667 562 1697 DEHISCENS
601 1656 724 1697 valde
765 1657 946 1699 hiscens.
1009 1657 1102 1698 ‘de'
1142 1659 1256 1700 enim
1295 1661 1492 1716 augentis
1534 1664 1613 1716 est,
1651 1665 1699 1703 01
1730 1663 1774 1703 10
1801 1675 1844 1704 20

73 1725 273 1767 Terentio
307 1726 481 1767 deamo
513 1729 562 1768 te
596 1726 733 1781 Syre.

194 1797 288 1838 107.
332 1809 503 1838 APERIT
543 1798 747 1853 ostendit,
786 1801 834 1839 ut
867 1798 1097 1841 Sallustius
1137 1806 1290 1856 caput
1329 1805 1526 1857 aperire
1566 1804 1772 1857 solitus,

72 1867 115 1908 id
154 1870 218 1909 est
255 1867 432 1922 nudare,
474 1868 712 1911 ostendere.
772 1871 829 1912 0ἱο
865 1871 965 1912 alibi
1001 1871 1107 1912 visco
1143 1873 1337 1926 aperior-e
1364 1876 1543 1926 procul
1579 1880 1772 1918 montes.

71 1952 169 1980 seme
200 1939 319 1980 aliter
348 1939 414 1981 hie
444 1939 628 1995 ριῑ1)0)·ιῗί’,
665 1942 784 1982 aliter
823 1941 992 1983 ‘ostium
1024 1942 1186 1995 apere't'.
1307 1956 1507 1987 HARENIS
1541 1949 1583 1987 et
1615 1947 1668 1988 ab
1700 1947 1771 1988 ha-

71 2009 184 2051 renis
218 2013 260 2051 et
292 2025 388 2052 cum
420 2011 611 2066 harenis,
643 2012 685 2052 id
717 2014 782 2053 est
813 2013 881 2054 vel
922 2014 975 2054 ab
1014 2014 1101 2056 imo
1140 2015 1393 2057 movebatur
1427 2032 1542 2059 mare
1575 2017 1642 2058 vel
1676 2032 1769 2059 cum
1798 2030 1841 2060 25

71 2080 175 2134 ipsis
208 2080 402 2135 harenis,
433 2085 480 2124 ut
511 2083 554 2124 10
586 2085 842 2137 tempestate
876 2084 995 2126 solet.

192 2152 286 2194 108.
329 2165 431 2194 TRIS
470 2153 671 2195 Latinum
711 2157 789 2196 est.
857 2156 1078 2209 genetivus
1119 2157 1232 2198 enim
1270 2158 1449 2212 pluralis
1490 2161 1688 2215 quotiens
1727 2161 1772 2203 in

165 2307 185 2337 5
212 2306 248 2338 01
273 2304 399 2351 pictis]
427 2306 468 2339 A.
497 2306 546 2340 XI
573 2310 640 2341 660
665 2308 677 2351 ΙΙ
709 2311 728 2341 9
754 2307 932 2354 insinuat]
959 2308 1002 2343 A.
1028 2308 1063 2342 Π
1090 2313 1157 2344 229
1190 2311 1201 2354 Η
1236 2314 1278 2345 10
1304 2311 1391 2356 nox]
1418 2312 1460 2346 A.
1487 2313 1520 2346 Π
1546 2318 1566 2348 8
1598 2314 1609 2357 ΙΙ
1646 2318 1684 2348 17
1712 2327 1769 2348 cv-

71 2362 164 2384 Mvno
192 2351 406 2397 altitudine]
435 2353 479 2387 cf.
507 2353 610 2387 Luct.
638 2354 737 2389 Plac.
765 2355 812 2389 ad
839 2355 930 2390 Stat.
959 2356 1073 2391 Theb.
1101 2357 1151 2390 lX
1178 2362 1246 2391 344
1273 2360 1285 2402 Ι]
1317 2363 1360 2392 20
1387 2372 1576 2394 01010(ιοΝο
1604 2388 1610 2393 .
1634 2390 1639 2395 .
1663 2390 1669 2395 .
1699 2363 1768 2406 est]

70 2408 182 2432 exscr.
210 2398 293 2432 Isid.
322 2410 371 2433 or.
400 2399 432 2433 X
460 2404 513 2435 76.
546 2400 591 2434 cf.
617 2401 708 2436 Don.
743 2402 790 2435 ad
817 2403 898 2436 Ter.
926 2414 1006 2437 eun.
1034 2404 1068 2437 H
1094 2409 1132 2447 3,
1160 2409 1204 2439 40
1235 2406 1247 2449 ΙΙ
1278 2405 1315 2439 111
1347 2406 1535 2451 Terentio]
1569 2408 1691 2442 heaut.
1720 2408 1769 2442 IV

71 2448 102 2488 6,
129 2448 170 2478 21
203 2447 216 2490 Η
247 2450 290 2480 22
319 2446 529 2493 Sallustius]
557 2447 641 2483 hist.
668 2449 798 2494 fragm.
827 2449 859 2484 V
886 2454 928 2484 16
955 2450 1067 2485 Kritz,
1099 2452 1111 2495 ss
1143 2456 1186 2486 23
1213 2453 1308 2498 visa]
1336 2454 1377 2488 A.
1405 2453 1456 2487 HI
1483 2458 1550 2488 200

163 2591 183 2621 3
210 2587 362 2622 tradunt
392 2589 434 2622 ut
459 2588 507 2623 sit
537 2590 674 2625 auertit
701 2589 748 2624 G*
777 2591 789 2635 Η
820 2604 943 2625 vamur
974 2592 1016 2626 K
1042 2593 1054 2637 1]
1086 2592 1291 2628 aduertitur
1322 2594 1357 2628 B
1388 2595 1400 2639 11
1433 2599 1451 2629 6
1484 2607 1570 2630 nam
1606 2607 1769 2641 conpone

71 2661 76 2666 .
99 2661 105 2667 .
128 2661 134 2667 .
161 2634 298 2668 avertit
322 2646 387 2679 pro
414 2636 609 2682 avertitur]
638 2638 791 2672 uerbum
819 2650 1039 2683 componere
1066 2641 1104 2674 01
1130 2640 1316 2675 inuenitur
1342 2643 1404 2676 ubi
1430 2643 1593 2677 actiuum
1619 2645 1770 2688 ponitur

68 2682 110 2714 ut
142 2682 197 2715 est
222 2683 358 2717 auertit
389 2694 455 2727 pro
485 2685 665 2718 auertitur
694 2684 723 2719 G
750 2687 761 2730 ΙΙ
796 2690 813 2720 7
847 2687 1093 2731 compositum
1119 2688 1154 2721 B
1185 2688 1197 2732 ΙΙ
1229 2688 1374 2724 debello
1407 2701 1471 2724 om.
1499 2691 1585 2724 LH
1610 2692 1622 2735 Η
1653 2691 1770 2725 dellor

67 2727 110 2760 K
136 2728 148 2772 ΙΙ
180 2732 220 2762 11
248 2730 360 2764 verba
396 2741 460 2765 om.
487 2731 530 2764 K
557 2732 568 2775 ΙΙ
602 2736 642 2766 15
677 2732 800 2767 activa
828 2761 833 2767 .
857 2762 862 2768 .
886 2761 893 2768 .
920 2734 1224 2780 declinationem]
1259 2736 1333 2770 acti
1366 2737 1467 2771 aliud
1499 2738 1634 2772 habere
1668 2739 1770 2772 uerbi

71 2774 184 2809 actiui
204 2775 489 2811 declinationem
510 2778 552 2812 K
567 2779 578 2822 Η
601 2783 641 2814 17
664 2780 712 2813 ad
730 2791 760 2814 v.
785 2784 849 2814 105
871 2781 945 2815 Dat
964 2782 1076 2828 latus]
1100 2782 1309 2817 inclinatur.
1349 2784 1518 2828 Cumulo]
1547 2786 1769 2819 exuberante

67 2821 199 2864 fluctu,
230 2822 268 2856 id
300 2825 355 2858 est
390 2824 585 2860 altitudine
624 2837 707 2860 cum
739 2828 897 2863 cumulo.
954 2829 1194 2875 Praeruptus]
1228 2830 1266 2864 in
1298 2831 1413 2865 altum
1446 2832 1600 2866 leuatus.
1636 2832 1728 2866 PC*
1759 2833 1770 2877 ,ζ

70 2872 112 2903 19
148 2870 197 2903 ad
226 2881 256 2904 v.
288 2874 352 2905 106
385 2871 448 2917 Hi]
482 2884 547 2916 pro
579 2872 646 2908 1111.
697 2874 915 2919 Dehiscens]
949 2876 1059 2910 ualde
1097 2876 1252 2911 hiscens.
1304 2878 1348 2912 de
1383 2878 1479 2912 011101
1506 2879 1676 2923 augentis
1702 2881 1767 2913 cst.

70 2915 106 2949 P
134 2917 145 2961 ΙΙ
177 2920 221 2950 20
256 2930 438 2953 0111100000
470 2919 512 2953 Κ
538 2920 550 2964 ΙΙ
582 2924 625 2954 22
659 2922 706 2955 ad
736 2932 767 2955 v.
802 2926 866 2956 107
899 2923 1044 2968 Aperit]
1079 2924 1242 2958 ostendit
1372 2926 1573 2960 ostendere.
1604 2926 1639 2959 P
1667 2926 1678 2969 ΙΙ
1711 2937 1768 2960 00-

0 2950 1 2958 ’
67 2963 142 3006 pud
176 2964 307 2998 ΚΕΗ
332 2965 344 3009 11
376 2966 517 3000 solutus
550 2967 593 3000 K
619 2968 630 3011 ιι
663 2972 706 3002 27
740 2969 787 3002 aa
821 2980 852 3004 v.
889 2974 954 3003 108
990 2970 1072 3004 Tris
1110 2971 1267 3005 latinum
1300 2973 1356 3005 est
1497 2972 1534 3005 in
1572 2972 1602 3006 is
1641 2972 1767 3017 mittit,

67 3010 236 3053 quotiens
261 3012 300 3045 in
324 3024 387 3046 um
413 3013 506 3056 exit,
540 3013 578 3048 in
605 3025 643 3048 es
668 3015 794 3050 mittit.
848 3016 944 3051 Saxa
974 3017 1146 3063 latentia]
1174 3019 1324 3062 proptor
1354 3020 1624 3062 tempestatem.
1676 3020 1767 3054 11000

68 3058 193 3092 autem
219 3070 306 3093 saxa
329 3059 426 3094 inter
451 3060 615 3096 Africam
643 3061 808 3097 Siciliam
841 3065 878 3097 01
903 3064 1110 3098 Sardiniam
1145 3066 1182 3098 et
1212 3065 1370 3099 Italiam.
1420 3066 1504 3101 ideo
1531 3068 1656 3101 autem
1682 3067 1768 3102 Itali

67 3104 698 3188 ἑῃὶΐέᾐίί110101·ι111311.ᾙἮο8111ΡΝο11100100
730 3111 883 3155 0000111,
921 3112 962 3145 01
994 3111 1169 3146 Claudius
1209 3111 1311 3146 dixit.
1368 3112 1547 3159 Torquet]
1587 3113 1678 3149 iacit
1714 3115 1767 3148 in-

1436 3220 1484 3255 4*
