2204 3437
395 142 475 177 LlV
1094 137 1380 173 PRAEFATIO.

395 250 673 292 Fabricianae
694 249 894 291 editionis
917 248 1155 303 marginem
1175 247 1457 301 transcripsit.
1516 246 1739 300 Scioppius
1767 248 1908 288 autem
1935 247 2086 289 folium

396 320 500 362 illud
537 320 581 361 in
621 320 763 362 codice
801 334 887 361 11011
925 319 1010 360 iam
1049 317 1228 359 invenit:
1273 319 1386 359 certe
1431 317 1484 358 ad
1522 330 1620 372 pag.
1652 317 1736 359 218
1776 317 1820 357 in
1857 317 2087 372 appendice

397 393 650 435 adnotatum
692 391 824 432 habes
870 389 1000 430 ‘nihil
1051 390 1117 430 est
1163 387 1464 430 immutatum’.
1534 387 1578 428 in
1623 385 1870 429 Cassellano
1921 403 2087 444 quoque

397 463 647 504 membrana
680 462 729 502 de
762 476 845 516 qua
877 461 1040 515 agitur,
1079 473 1187 514 quae
1226 459 1381 514 integri
1421 459 1578 500 codicis
1616 458 1699 499 fuit
1737 447 2090 514 quinquagesima

398 534 598 588 septima,
631 533 766 586 deest,
797 534 924 586 atque
956 530 1083 572 facile
1115 529 1381 584 intellegitur
1408 544 1480 571 cur
1500 528 1669 570 Modius
1703 543 1797 570 eam
1828 529 2089 584 religendam

398 604 594 658 elegerit3
626 618 726 644 nam
759 602 808 643 de
841 601 980 643 tribus
1012 601 1098 642 illis
1133 615 1237 655 quas
1277 601 1460 655 septimo
1495 599 1765 654 quaternioni
1801 599 1967 642 additas
1999 615 2090 642 esse

400 675 485 716 dixi
517 674 657 728 prima
688 673 793 727 fuit,
828 675 874 713 ut
905 672 1022 713 nullo
1054 671 1228 727 negotio
1271 671 1379 713 solvi
1411 673 1575 725 posset:
1614 670 1801 724 reliquae
1840 670 1946 712 duae
1984 686 2090 726 quae

398 746 515 801 ipsae
550 759 715 799 quoque
747 743 1001 785 interierunt
1031 742 1147 784 haud
1168 742 1256 783 scio
1279 757 1334 783 an
1354 742 1528 783 binionc
1563 741 1896 796 comprehensae
1920 742 2091 784 fuerint.

516 815 729 864 Quoniam
749 813 1045 856 Cassellanum
1078 813 1266 855 codicem
1299 812 1479 853 eundem
1512 827 1602 853 esse
1637 827 1761 866 quem
1781 812 1974 854 Danielis
1994 812 2092 853 Ful-

399 887 571 928 (lensem
603 886 711 927 satis
745 885 871 926 certis
908 883 1169 939 argumentis
1212 883 1511 924 confirmatum
1552 885 1635 937 est,
1673 883 1962 937 quaerendum
2002 898 2092 924 esse

400 957 522 999 video
556 956 667 997 unde
703 955 991 1010 discrepantia
1024 968 1130 1009 quae
1162 953 1277 995 haud
1315 955 1462 1008 paucis
1503 968 1603 994 sane
1641 953 1747 995 locis
1786 954 1898 995 inter
1937 953 2092 995 codicis

401 1028 633 1082 scripturas
667 1029 708 1067 et
736 1025 926 1080 Scioppii
959 1025 1047 1066 sive
1068 1024 1257 1065 Danielis
1294 1024 1543 1065 testimonia
1575 1024 1948 1078 animadvertitur,
1975 1039 2093 1079 repe-

400 1098 529 1140 tenda
562 1098 640 1139 sit:
673 1111 800 1152 quam
833 1096 1002 1151 quidem
1030 1095 1362 1150 discrepantiam
1388 1094 1600 1150 Bergkius
1633 1095 1870 1136 rectissime
1903 1095 2009 1136 dixit
2034 1096 2096 1137 ita

401 1171 692 1223 comparatam
744 1182 852 1221 esse,
902 1169 949 1208 ut
999 1165 1269 1208 Cassellanus
1320 1165 1406 1206 fere
1456 1165 1633 1207 meliora
1683 1166 1902 1220 praebeat.
1969 1168 2095 1220 atque

400 1238 645 1293 Scioppium
685 1252 790 1292 quae
830 1253 879 1279 ex
923 1237 1066 1279 codice
1119 1237 1386 1278 exscribebat
1428 1236 1702 1278 librariorum
1742 1237 1961 1278 erroribus
2000 1252 2096 1292 11111·-

402 1323 525 1364 gasse
558 1309 648 1350 veri
680 1308 788 1350 illud
820 1308 990 1362 quidem
1023 1322 1109 1349 non
1142 1310 1206 1349 est
1240 1307 1466 1361 dissimile,
1499 1307 1572 1348 sed
1611 1307 1739 1349 certis
1774 1307 1980 1362 exemplis
2013 1322 2099 1349 non

401 1382 545 1435 potest
575 1379 762 1434 probari.
776 1377 806 1434 1)
867 1381 1015 1420 contra
1048 1377 1186 1420 habeo
1221 1378 1373 1433 quibus
1408 1377 1632 1419 ostendam
1668 1376 1891 1419 Danielem
1930 1394 1954 1419 a
1991 1379 2097 1420 veri-

401 1454 490 1493 tate
531 1451 751 1492 deflexisse
792 1464 888 1491 cum
926 1450 974 1491 in
1010 1449 1279 1504 praefatione
1319 1448 1566 1503 appendicis
1611 1448 1771 1490 diceret
1813 1448 1858 1489 in
1899 1449 2100 1490 transcri-

402 1522 552 1564 bendis
593 1520 781 1576 Scioppii
821 1520 988 1561 schedis
1032 1522 1156 1561 tanta
1197 1519 1278 1560 fide
1321 1534 1368 1560 ac
1407 1519 1616 1574 religione
1659 1534 1703 1560 se
1745 1522 1961 1561 versatum
1995 1533 2099 1572 esse,

408 1596 454 1634 ut
488 1593 619 1633 etiam
653 1591 878 1632 emendatu
911 1589 1119 1631 facillima
1152 1588 1401 1643 ‘depingere
1437 1588 1774 1643 quamfingere’
1808 1589 1942 1630 satius
1975 1589 2100 1630 duxe-

406 1664 474 1705 rit.
524 1678 624 1705 nam
657 1677 752 1704 cum
785 1661 942 1703 codicis
976 1660 1214 1715 scripturae
1254 1662 1295 1700 et
1328 1674 1377 1701 ea
1415 1674 1522 1714 quae
1556 1674 1606 1700 ex
1638 1659 1771 1701 Modii
1810 1660 2018 1714 excerptis
2057 1660 2101 1700 in

405 1733 651 1776 Fabriciani
678 1732 934 1787 exemplaris
967 1731 1182 1785 margines
1215 1730 1476 1785 transcripta
1495 1733 1538 1772 et
1558 1744 1664 1784 quae
1696 1744 1745 1771 ex
1781 1729 1972 1785 Scioppii
2003 1744 2100 1772 con-

409 1805 571 1846 latione
605 1805 650 1845 in
683 1802 915 1858 appendice
949 1801 1062 1843 edita
1089 1803 1189 1842 sunt
1208 1800 1320 1841 inter
1342 1815 1385 1841 30
1407 1802 1710 1854 comparantur
1742 1801 1928 1855 itemque
1956 1815 2102 1842 eorum

410 1890 516 1930 quae
534 1874 755 1929 Scioppius
776 1874 866 1928 11130
888 1873 931 1913 111
950 1873 1062 1913 libro
1079 1872 1128 1912 de
1150 1873 1240 1912 arte
1263 1871 1412 1912 critica
1433 1873 1475 1912 et
1495 1871 1539 1911 in
1560 1873 1855 1925 suspectarum
1871 1871 2102 1912 lectionum

408 1945 624 1988 volumine
648 1959 668 1986 0
685 1944 716 1987 F
720 1944 887 1985 uldensi
907 1943 1098 1984 laudavit
1117 1942 1227 1984 ratio
1249 1941 1442 1996 habetur,
1464 1940 1687 1982 Danielem
1701 1956 1787 1983 non
1807 1942 1990 1983 veritum
2011 1957 2102 1984 esse

409 2019 588 2072 apparet
622 2016 804 2057 aliorum
837 2014 1086 2056 testimonia
1119 2028 1194 2055 suo
1229 2012 1441 2054 arbitratu
1473 2014 1652 2053 mutare.
1703 2014 1750 2053 ut
1783 2013 1976 2068 exempla
2006 2027 2101 2067 pro-

408 2102 584 2142 ponam,
616 2085 721 2127 Aen.
760 2085 779 2126 I
813 2086 865 2126 21
901 2084 959 2140 (p.
993 2086 1067 2139 20,
1107 2082 1178 2139 11)
1220 2083 1467 2138 Scioppium
1505 2084 1619 2124 recte
1658 2083 1852 2135 adpuncti
1889 2082 2044 2137 legisse
2084 2098 2104 2125 0

357 2160 364 2168 “
410 2158 521 2199 libro
555 2157 604 2198 de
638 2159 728 2197 arte
750 2156 898 2197 critica
929 2154 1055 2211 (11.4)
1090 2155 1262 2196 scimus:
1295 2155 1339 2195 in
1373 2153 1606 2208 appendice
1627 2152 1879 2194 Fuldensem
1911 2154 2105 2196 adiuncta

408 2228 565 2270 habere
611 2227 863 2268 adnotatum
905 2229 989 2280 est,
1031 2226 1141 2280 quod
1173 2225 1327 2266 Daniel
1370 2239 1465 2266 cum
1504 2225 1699 2277 adpmwti
1741 2223 1848 2265 illud
1890 2224 1989 2278 quid
2021 2225 2105 2266 sibi

412 2299 538 2341 vellet
558 2313 645 2339 non
665 2297 948 2339 intellexisset
969 2312 989 2337 e
1012 2297 1254 2338 coniectura
1274 2296 1469 2350 posuisse
1496 2295 1674 2336 videtur.
1706 2319 1752 2323 —
1785 2295 1829 2335 in
1857 2294 2018 2336 scholio
2052 2295 2104 2336 ad

410 2370 516 2410 Aen.
538 2369 556 2409 I
584 2369 686 2422 522,
722 2368 831 2422 quod
852 2367 1021 2408 Modius
1042 2366 1214 2408 Danieli
1237 2366 1461 2420 exscripsit
1487 2381 1527 2420 p.
1545 2366 1640 2419 161,
1655 2366 1711 2406 20
1738 2364 2012 2407 Oassellanus
2040 2380 2104 2407 ex-

412 2441 535 2481 hibet
566 2440 725 2481 etiamsi·
756 2452 886 2492 regem
917 2438 1141 2479 mulsimus
1170 2441 1206 2478 cz}
1236 2437 1411 2478 Italiam
1449 2450 1532 2478 non
1565 2437 1765 2489 petimus:
1804 2450 1881 2490 pro
1920 2436 1986 2477 his
2024 2435 2106 2477 D'a-

413 2511 499 2552 niel
531 2510 575 2550 in
594 2509 836 2550 Fabriciani
871 2509 1127 2563 exemplaris
1160 2508 1355 2562 margine
1391 2507 1562 2561 scripsit
1593 2508 1715 2548 etiam
1745 2520 1778 2548 r.
1811 2520 1848 2548 a.
1880 2510 1916 2548 ct
1945 2509 1991 2548 ut
2021 2506 2105 2547 Ita-

414 2582 515 2622 liam
546 2594 628 2622 mm
651 2580 911 2633 petierimus:
952 2579 1063 2619 idem
1088 2579 1328 2631 petie-rimus
1361 2578 1432 2619 sed
1464 2582 1509 2619 ut
1540 2592 1641 2619 voce
1678 2577 1838 2618 omissa
1868 2576 1911 2617 in
1950 2591 2106 2631 appen-

415 2652 504 2693 dice
538 2650 765 2692 invenitur.
821 2650 865 2690 in
899 2649 1044 2691 codem
1078 2663 1203 2690 versu
1240 2663 1317 2703 pro
1355 2649 1615 2702 discedemus,
1654 2647 1766 2702 quod
1806 2661 1826 2688 0
1865 2646 2006 2689 codice
2044 2661 2105 2688 re-

512 2815 544 2857 1)
572 2812 615 2847 cf.
643 2814 768 2847 tamen
795 2824 890 2856 susp.
918 2812 1003 2847 lect.
1031 2811 1046 2844 I
1073 2822 1127 2856 ep.
1155 2810 1238 2844 XXI
1266 2812 1313 2854 (p.
1343 2815 1385 2845 57
1407 2811 1461 2845 ed.
1492 2810 1696 2846 Amstelod.
1724 2822 1755 2846 a.
1787 2811 1908 2854 1664),
1937 2809 1998 2844 ubi
2023 2809 2106 2843 Ful-

417 2867 526 2900 dense
554 2864 850 2900 additamentum
876 2865 922 2899 ad
949 2865 1037 2900 Aen.
1065 2864 1080 2897 Ι
1108 2868 1174 2898 636
1207 2862 1259 2897 310
1290 2862 1463 2898 laudatur
1498 2864 1586 2898 ‘non
1612 2863 1705 2898 nulli
1731 2863 1802 2897 Dii
1833 2862 1978 2905 legunt,
2012 2861 2109 2896 sicut

417 2921 559 2953 veteres
599 2918 715 2952 fames
754 2917 852 2952 fami.
903 2917 1055 2952 Plautus
1094 2916 1131 2950 in
1163 2916 1366 2950 Mercatore
1410 2917 1495 2960 ‹Iu-ia
1541 2920 1605 2951 aut
1654 2916 1751 2961 (lege
1787 2915 1850 2960 qui
1892 2916 1968 2957 (tut)
2012 2915 2109 2949 nocti

418 2975 482 3005 aut
521 2972 575 3006 (lii
619 2975 683 3005 aut
724 2972 792 3005 solz?
829 2974 894 3005 aut
933 2971 1066 3005 Izmac’.
1117 2980 1201 3003 nam
1236 2980 1302 3013 pro
1335 2970 1445 3011 sumes
1477 2969 1514 3003 in
1559 2968 1684 3004 codice
1721 2969 1856 3011 samiis,
1888 2966 1925 3001 in
1971 2977 2108 3011 appen-

419 3023 499 3058 dice
534 3025 644 3066 famis
664 3023 809 3068 legitur.
853 3024 940 3068 quia
965 3026 1030 3058 aut
1055 3021 1249 3067 Scioppius
1276 3021 1314 3055 in
1339 3032 1421 3065 app.
1449 3032 1594 3065 quoque
1620 3022 1795 3063 testatur,
1823 3020 1935 3055 codex
1962 3019 2110 3055 exhibet

418 3077 504 3120 quia
533 3080 579 3110 nt.
