2204 3437
400 175 478 209 LVI
1100 164 1385 201 PRAEFATIO.

396 281 574 323 Daniele
609 277 906 321 Aurelianensi
946 276 1108 330 scripta
1145 291 1184 330 p.
1221 274 1272 315 16
1312 273 1405 315 adn.
1445 270 1500 312 65
1538 270 1684 311 habes,
1742 268 1924 323 exempli
1962 282 2092 309 eausa

396 351 643 407 appendicis
679 350 912 403 scripturas
946 347 1112 400 aliquot
1142 345 1256 386 infra
1288 343 1458 397 scripsi,
1490 356 1595 396 quas
1620 339 1947 394 typothetarum
1979 353 2091 379 erro·

395 423 513 464 ribus
547 423 771 475 corruptas
803 432 893 459 csse
926 417 1020 458 ideo
1052 415 1277 471 probabile
1321 415 1385 455 est
1424 411 1537 467 quod
1574 411 1730 452 Daniel
1768 411 1812 451 in
1848 409 2089 451 Fabriciani

397 492 652 547 exemplaris
691 490 882 544 margine
921 501 1067 529 veram
1107 485 1264 527 codicis
1298 483 1548 525 memoriam
1582 481 1810 536 expressit:
1850 496 1890 535 p.
1927 481 2002 534 27,
2037 480 2088 521 18

395 568 431 605 et
464 564 558 605 bewe
590 576 718 615 reycm
750 560 944 601 invidiose
969 557 1130 598 habent
1157 554 1188 597 C
1217 558 1258 597 et
1285 555 1329 597 F.
1363 570 1394 596 e.
1428 569 1499 608 m.,
1532 551 1697 594 omittit
1729 566 1842 606 app.;
1874 566 1913 605 p.
1940 550 2008 604 29,
2037 550 2086 590 11

396 636 442 676 in
474 637 634 675 tantum
668 631 700 673 C
733 633 775 672 et
817 630 860 671 F.
895 644 927 670 e.
960 643 1014 669 m.
1052 631 1213 668 tantum
1252 642 1366 681 app,
1398 641 1438 680 p.
1471 625 1543 678 30,
1579 622 1633 664 15
1669 621 1790 663 multi
1821 619 1853 662 C
1893 623 1936 662 et
1972 620 2018 662 F.
2057 635 2091 662 e.

396 719 449 745 m.
482 704 589 745 mdh'
628 718 723 757 app.
757 717 796 756 p.
829 700 904 754 36,
938 699 989 740 19
1028 698 1174 739 habent
1212 696 1243 738 C
1276 700 1319 738 et
1350 696 1393 737 F.
1433 710 1465 737 e.
1498 710 1551 736 m.
1589 692 1763 734 habeant
1798 707 1912 746 app.;
1950 707 1989 745 p.
2022 691 2090 745 31,

396 776 449 816 21
481 775 612 826 forem
645 771 676 813 C
710 773 752 812 et
788 769 833 811 F.
867 784 900 810 e.
934 784 987 811 m.
1025 769 1133 821 fores
1172 782 1286 822 app.;
1318 783 1358 821 p.
1391 767 1465 820 32,
1507 766 1556 806 11
1597 765 1667 805 secl
1703 763 1801 804 hab.
1840 760 1872 803 C
1906 764 1948 802 et
1978 761 2024 803 F.
2057 775 2090 802 e.

396 862 468 900 m.,
502 861 583 887 om.
616 858 727 897 app.;
759 857 797 896 p.
834 841 934 894 161,
970 840 1021 881 16
1056 843 1248 881 terrorem
1281 836 1314 879 G
1347 840 1389 878 et
1420 836 1466 878 F.
1498 850 1530 877 e.
1563 851 1617 876 m.
1652 835 1834 876 timorem
1865 847 1960 886 app.

514 915 665 956 Restat
702 915 750 953 ut
788 924 1117 953 commemorem
1151 923 1235 963 qua
1277 922 1322 949 re
1365 906 1644 948 Schubartius
1690 904 1896 945 adductus
1941 902 1999 943 sit
2042 905 2090 943 ut

397 986 693 1028 Cassellanum
735 998 758 1024 a
794 981 987 1023 Danielis
1027 979 1227 1021 Fuldensi
1273 978 1486 1019 diversum
1532 990 1622 1017 esse
1669 974 1868 1017 crederet.
1923 972 2089 1015 033301-

395 1058 521 1098 lanae
552 1054 838 1097 bibliothecae
872 1052 1003 1107 igitur
1036 1051 1203 1092 codices
1238 1050 1309 1104 qui
1343 1049 1444 1089 olim
1478 1046 1703 1088 Fuldensis
1737 1046 1969 1087 conventus
2000 1043 2090 1084 fue-

395 1130 496 1169 runt
529 1130 571 1168 et
606 1125 819 1167 similibus
852 1121 1113 1176 tegumentis
1147 1120 1302 1161 muniti
1335 1120 1435 1160 sunt
1473 1120 1515 1159 et
1546 1118 1589 1158 in
1627 1116 1833 1157 exteriore
1866 1117 2087 1169 tegumen-

395 1202 538 1240 torum
571 1198 693 1252 parte
727 1196 994 1249 segmentum
1022 1191 1340 1233 membraneum
1360 1190 1539 1242 habent,
1572 1188 1615 1229 in
1636 1201 1718 1242 quo
1739 1186 1914 1240 antiqua
1939 1200 2090 1226 manus

397 1272 439 1310 et
485 1267 645 1309 ordinis
692 1272 734 1307 et
776 1264 931 1306 codicis
969 1277 1195 1304 numerum
1239 1260 1424 1315 scripsit.
1480 1260 1632 1300 horum
1677 1258 1882 1298 librorum
1928 1256 2094 1297 numeri

397 1339 533 1380 eidem
568 1340 666 1379 sunt
701 1337 773 1391 qui
806 1336 849 1376 in
885 1335 1083 1388 catalogo
1116 1332 1341 1373 Fuldensis
1374 1329 1661 1372 bibliothecae
1695 1342 1805 1369 anno
1842 1326 1951 1368 1561
1981 1341 2093 1368 com-

397 1409 540 1463 posito
574 1411 616 1449 et
648 1423 672 1449 a
703 1406 884 1448 Nicolao
919 1403 1176 1458 Kindlinger
1208 1416 1320 1442 anno
1358 1400 1468 1442 1812
1508 1399 1622 1440 edito
1661 1399 1945 1440 inveniuntur.
1996 1396 2090 1438 Ser-

397 1480 490 1520 vius
525 1478 797 1520 Cassellanus
832 1479 975 1518 autem
1012 1488 1147 1528 neque
1186 1472 1299 1513 idem
1339 1471 1451 1526 quod
1490 1470 1620 1511 ceteri
1658 1469 1890 1510 Fuldenses
1930 1467 2093 1508 involu-

399 1565 516 1591 crum
549 1564 687 1603 neque
723 1549 991 1603 segmentum
1025 1543 1131 1585 illud
1162 1543 1310 1583 habet:
1350 1541 1446 1582 inde
1479 1540 1599 1595 sequi
1641 1540 1805 1581 videtur
1839 1537 2094 1580 Schubartio

397 1635 630 1674 numquam
664 1634 759 1661 eum
791 1616 1013 1659 Fuldensis
1047 1613 1220 1668 collegii
1258 1613 1399 1654 fuisse.
1457 1614 1501 1652 at
1539 1626 1589 1652 ex
1628 1610 1687 1651 eis
1727 1624 1833 1664 quae
1866 1624 1996 1663 supra
2028 1623 2094 1649 ex-

400 1691 524 1745 posui
545 1690 811 1745 iutellegitur
831 1689 949 1730 illam
969 1702 1059 1728 rem
1088 1686 1147 1726 sic
1168 1683 1464 1739 explicandam
1485 1697 1593 1737 esse,
1623 1684 1672 1722 ut
1693 1681 1877 1722 codicem
1897 1681 2093 1721 nostrum

400 1778 450 1804 ex
470 1762 672 1803 Fuldensi
700 1760 959 1803 bibliotheca
993 1758 1207 1800 sublatum
1241 1757 1283 1796 et
1315 1769 1408 1796 cum
1443 1752 1794 1808 quaternionibus
1829 1765 1958 1805 supra
1983 1764 2095 1791 com-

398 1833 647 1874 memoratis
693 1832 868 1873 orbatus
914 1831 1027 1870 esset
1070 1841 1180 1868 novo
1228 1827 1478 1881 tegumento
1523 1824 1728 1865 vestitum
1762 1837 1853 1863 esse
1893 1821 2096 1862 dicamus.

401 1902 565 1944 accedit
597 1902 710 1957 quod
742 1903 786 1942 in
820 1901 1018 1954 catalogo
1052 1899 1124 1939 illo
1160 1897 1289 1938 codex
1324 1896 1496 1950 quidam
1530 1894 1769 1948 descriptus
1803 1895 1885 1946 est,
1918 1892 1989 1947 qui
2020 1906 2094 1946 po-

400 1976 488 2014 test
518 1976 630 2014 certe
665 1972 937 2014 Cassellanns
971 1984 1072 2011 esse.
1130 1968 1288 2009 etenim
1321 1967 1433 2008 inter
1475 1966 1609 2006 libros
1649 1964 1700 2006 ad
1731 1963 1972 2017 Vergilium
2003 1977 2096 2017 per-

404 2045 591 2085 tinentes
615 2044 984 2085 'commemoratur
1024 2040 1149 2094 eRep.
1182 2040 1207 2079 9
1248 2038 1334 2079 ord.
1367 2038 1393 2078 3
1432 2036 1507 2077 Nr.
1540 2037 1567 2077 4
1600 2034 1756 2076 Glossa
1789 2048 1916 2089 super
1948 2034 1986 2074 6.
2023 2033 2093 2073 lib.

402 2114 615 2156 Aeneidos
649 2115 715 2155 32.
749 2128 806 2155 or.
841 2112 977 2155 Servii
1011 2111 1142 2165 gloss.
1176 2124 1268 2150 esse
1307 2107 1458 2150 video’.
1514 2106 1584 2161 qui
1618 2106 1749 2148 codex
1781 2105 1817 2146 si
1851 2103 1988 2146 Servii
2019 2119 2095 2145 no-

400 2201 497 2226 men
519 2186 755 2238 habuisset,
775 2185 879 2225 haec
901 2182 1088 2224 dedisset
1119 2181 1164 2221 ni
1191 2180 1318 2221 fallor
1339 2178 1524 2232 catalogi
1547 2177 1730 2232 scriptor
1763 2175 1922 2217 ‘Servii
1949 2175 2096 2229 glossa

403 2270 530 2309 super
562 2256 600 2296 6.
633 2255 705 2295 lib.
738 2252 991 2294 Aeneidos':
1032 2252 1104 2305 qui
1144 2266 1237 2292 011111
1273 2249 1434 2291 addidit
1467 2248 1625 2289 ‘Servii
1657 2247 1786 2302 gloss.
1826 2260 1917 2287 esse
1949 2244 2093 2286 video’

404 2326 670 2380 significasse
703 2324 869 2365 videtur
902 2338 987 2364 non
1020 2321 1210 2377 potuisse
1242 2320 1382 2375 primo
1417 2319 1570 2360 obtutu
1602 2317 1801 2373 cognosci
1834 2317 1951 2358 cuius
1985 2331 2094 2358 com-

402 2396 642 2438 mentarius
689 2394 830 2436 codice
877 2393 1177 2434 contineretur.
1241 2390 1358 2444 atqui
1402 2390 1446 2430 in
1490 2387 1740 2430 Cassellano
1787 2387 1922 2429 Servii
1959 2401 2095 2441 neque

406 2482 563 2509 nomen
604 2480 783 2521 usquam
824 2464 1036 2505 invenitur
1068 2458 1119 2503 et'
1146 2461 1274 2516 primi
1307 2463 1434 2514 atque
1467 2460 1640 2501 secundi
1671 2459 1769 2501 libri
1803 2458 2096 2500 commentarii

408 2539 590 2580 aliorum
624 2535 874 2577 commentis
908 2535 969 2575 ita
1001 2532 1183 2574 involuti
1216 2533 1332 2585 sunt,
1371 2533 1418 2571 ut
1454 2545 1540 2572 non
1573 2530 1743 2585 possint
1774 2529 1910 2583 primo
1943 2529 2095 2570 obtutu

408 2609 618 2663 dignosci,
650 2607 783 2647 veluti
816 2606 910 2660 ipsa
937 2602 1072 2645 verba
1101 2619 1125 2644 a
1158 2603 1311 2657 quibus
1350 2602 1504 2656 incipit
1542 2601 1672 2643 codex
1710 2615 1735 2641 a
1774 2599 1917 2641 Servio
1956 2600 2096 2641 aliena

409 2682 519 2721 sunt.
577 2678 728 2733 quodsi
763 2675 1060 2718 Cassellanum
1087 2674 1165 2715 hoc
1198 2672 1385 2727 catalogi
1424 2672 1516 2713 loco
1557 2671 1815 2726 descriptum
1854 2685 1944 2711 0330
1981 2673 2096 2711 recte

408 2750 581 2799 conieci,
614 2749 691 2790 illa
711 2762 817 2802 quae
851 2748 949 2786 sunt
981 2745 1128 2798 ‘super
1155 2746 1192 2784 6.
1224 2744 1295 2785 lib.
1323 2742 1556 2783 Aeneidos'
1589 2742 1671 2783 hoc
1702 2741 1828 2782 modo
1862 2740 2098 2795 supplenda

407 2835 500 2862 esse
534 2820 728 2873 apparet:
782 2830 907 2870 super
940 2829 1009 2855 sex
1042 2814 1165 2854 libris
1194 2813 1416 2854 Aeneidos.
1467 2815 1652 2854 ceterum
1677 2815 1765 2853 tres
1793 2814 1961 2865 praeter
1985 2810 2097 2852 hunc

407 2891 449 2931 in
484 2890 621 2931 indice
654 2889 726 2929 illo
758 2886 969 2928 nominati
1003 2887 1103 2925 sunt
1135 2883 1298 2925 codices
1332 2884 1403 2937 qui
1431 2884 1618 2937 glossam
1645 2883 1669 2923 i.
1691 2897 1722 2923 0.
1744 2881 2096 2923 commentarium

410 2961 451 3002 in
486 2959 719 3001 Aeneidem
753 2957 1035 3000 continerent:
1068 2955 1170 3008 ch.
1207 2954 1259 2994 10
1292 2954 1378 2994 ord.
1412 2955 1437 2994 2
1469 2953 1543 2995 Nr.
1576 2953 1621 3006 5,
1657 2953 1726 3006 14,
1759 2953 1826 2993 34.

524 3030 575 3070 111
616 3031 676 3070 013
715 3029 904 3083 priorum
948 3026 1156 3067 librorum
1195 3024 1390 3077 partibus
1431 3038 1536 3078 quae
1579 3024 1623 3064 in
1662 3022 1911 3065 Cassellano
1952 3025 2100 3063 extant

410 3100 653 3155 appendicis
675 3098 921 3140 testimonia
941 3111 1028 3138 non
1050 3094 1193 3137 omnia
1213 3095 1559 3135 commemoravi:
1579 3094 1699 3135 nolui
1733 3093 1843 3134 enim
1863 3093 2099 3134 temerariis
