2204 3437
558 199 705 234 COMM.
732 198 781 231 IN
809 197 949 232 VERG.
976 196 1085 231 AEN.
1113 196 1173 229 ΙΙΙ.
1203 199 1396 229 cess-(380.
1728 193 1810 232 451

249 308 346 350 675.
395 326 447 349 AT
470 324 596 349 azuvws
630 308 801 360 fe'yurate
840 304 904 345 ‘at
934 316 1060 357 ‘qeuus
1097 300 1325 354 complent’,
1373 305 1419 341 ut
1463 301 1551 353 <vl
1586 301 1698 353 660)
1741 299 1816 340 Icto

129 393 304 421 manus
335 379 386 420 ob
409 363 632 431 patrima
655 375 922 430 puyuaudo
953 373 1181 427 (vulnera
1203 372 1380 425 passi).

247 450 343 491 676.
393 465 573 490 melmun
607 461 632 488 a
669 447 782 488 verbo
823 445 904 487 (σέο
935 445 991 486 cis
1021 442 1108 485 ctt'.
1257 454 1365 483 uvir
1398 441 1654 482 festinanter
1687 440 1816 494 venit,

129 524 175 562 ut
203 523 446 573 ruuntque
477 518 630 571 effusi
660 530 851 558 carcere
882 527 1069 556 currus.

248 591 344 631 677.
391 599 664 639 NEQVIQVAM
696 598 871 628 LVMINE
902 595 1055 627 TORVO
1089 583 1189 637 quia
1220 597 1371 624 nocere
1403 596 1490 624 non
1521 583 1734 636 poterant.

249 661 344 702 678.
394 670 602 701 AETNEOS
635 667 839 699 FRATRES
873 657 946 697 aut
972 654 1145 708 similes,
1178 656 1252 694 aut
1276 653 1449 694 feritate
1476 667 1715 707 germanos,
1746 655 1819 692 aut

129 732 303 774 eiusdem
326 731 491 784 patriae
521 730 580 770 vet
606 733 744 778 terrae,
776 731 984 780 tamquam
1009 725 1176 766 matris:
1208 738 1308 764 nam
1334 737 1419 764 non
1446 725 1544 764 sunt
1564 722 1817 776 Polyphemi

129 803 303 855 fratres,
348 815 473 855 quem
511 798 702 853 Neptuni
747 798 884 839 filium
922 796 1135 838 Homerus
1175 794 1290 836 dicit.
1352 794 1463 835 unde
1508 808 1557 834 eo
1602 795 1818 835 occaecato

129 872 279 914 Ulixes
317 870 495 925 pertulit
531 870 852 923 tempestatem,
895 867 968 921 qui
1006 866 1058 907 ad
1097 880 1191 907 eum
1230 864 1347 905 venit
1385 864 1587 920 derelicta
1619 862 1819 917 Calypso,

131 958 226 984 cum
258 957 340 996 qua
372 941 516 982 decem
549 940 671 981 annis
704 938 859 979 fuerat:
903 937 1031 991 unde,
1064 938 1111 977 ut
1143 950 1272 989 supra
1303 934 1445 989 <623>
1478 934 1680 989 diximus,
1712 934 1817 975 Ver-

131 1014 224 1069 gilii
256 1013 381 1054 dictis
415 1010 614 1053 dissentit
645 1012 887 1064 temporum
920 1008 1042 1049 ratio.
1140 1024 1258 1049 CAELO
1280 1020 1359 1059 pro
1391 1007 1436 1047 tu
1468 1006 1633 1047 caelum.

250 1085 347 1135 680.
397 1093 659 1125 CONIFERAE
704 1094 849 1122 conum
892 1079 1142 1120 sustinentes.
1202 1080 1238 1118 et
1281 1091 1411 1118 conus
1459 1076 1613 1117 dicitur
1656 1075 1818 1116 fructus

132 1155 331 1209 cupressi,
364 1156 407 1195 et
438 1153 531 1207 ipsa
555 1147 797 1204 κωνοειδὴς
824 1152 903 1191 est:
935 1164 1035 1190 nam
1069 1164 1093 1190 a
1123 1148 1387 1190 rotunditate
1420 1147 1464 1187 in
1496 1161 1675 1188 acumen
1706 1146 1819 1186 leva-

130 1229 212 1268 tur.
262 1223 519 1279 Cyparissus
553 1226 696 1264 autem
729 1220 910 1274 Telephi
940 1219 1053 1260 filius
1086 1218 1181 1272 fuit,
1213 1220 1380 1258 amatus
1415 1218 1468 1259 ab
1502 1217 1712 1271 Apolline.
1754 1217 1819 1257 vel

130 1299 178 1337 ut
210 1295 295 1350 alii,
328 1310 352 1336 a
373 1293 561 1348 Silvano,
593 1293 666 1348 qui
698 1306 793 1333 cum
826 1292 1002 1333 lassatus
1028 1292 1141 1331 aestu
1165 1288 1237 1330 sub
1262 1289 1442 1341 quadam
1467 1288 1608 1329 arbore
1632 1300 1819 1329 somnum

131 1369 296 1421 caperet,
328 1366 455 1408 subito
487 1364 654 1418 strepitu
685 1364 880 1405 excitatus
906 1344 1089 1414 cervum,
1123 1374 1248 1414 quem
1273 1360 1319 1401 in
1345 1359 1507 1401 deliciis
1534 1358 1733 1412 habebat,
1763 1359 1819 1410 fc-

130 1452 223 1479 ram
260 1437 421 1479 credens
457 1450 532 1490 per
569 1433 857 1489 ignorantiam
904 1432 1025 1472 misso
1065 1431 1137 1472 telo
1176 1430 1419 1484 occidisset,
1463 1429 1600 1469 flendo
1640 1428 1821 1469 nimium

132 1507 471 1550 misericordiam
503 1505 658 1547 meruit
689 1503 928 1556 numinum,
965 1502 1110 1555 itaque
1142 1501 1187 1541 in
1220 1501 1414 1542 arborem
1447 1514 1694 1553 cupressum
1727 1513 1820 1541 con-

132 1593 279 1620 versus
312 1580 389 1632 est,
422 1579 566 1631 aptam
599 1579 641 1616 et
667 1575 959 1616 consecratam
985 1571 1173 1613 lacrimis
1201 1573 1244 1612 et
1269 1571 1467 1612 luctibus.
1500 1570 1619 1623 'temo
1646 1571 1822 1623 cupressi

133 1649 253 1702 quast
283 1648 480 1702 infernae,
512 1647 572 1688 vel
602 1646 700 1699 qma
730 1644 907 1686 succisae
937 1656 1018 1684 uon
1049 1645 1330 1695 renascuntur,
1360 1642 1421 1683 vet
1451 1642 1549 1694 quta
1574 1641 1687 1693 apud
1709 1641 1818 1682 Atti—

227 1793 248 1822 4
273 1787 472 1832 ruuntque]
499 1797 623 1831 georg.
651 1785 702 1818 III
729 1788 797 1818 104
822 1786 832 1828 ΙΙ
859 1787 878 1817 8
905 1782 1102 1827 Homerus]
1132 1782 1198 1816 Od.
1224 1782 1239 1815 Ι
1267 1786 1309 1816 68
1337 1793 1413 1825 sqq.
1440 1782 1451 1824 11
1479 1785 1520 1815 12
1548 1791 1660 1815 conus
1687 1779 1823 1814 dicitur

141 1835 373 1880 ...levatur]
408 1846 520 1869 exscr.
553 1833 637 1867 Isid.
654 1844 721 1867 ‚or.
747 1831 852 1866 XVII
879 1835 914 1875 7,
943 1834 998 1864 34.
1045 1829 1089 1864 cf.
1116 1830 1267 1874 glossar.
1296 1830 1485 1872 Sangerni.
1512 1840 1568 1872 ap.
1596 1827 1760 1861 Hildebr.
1787 1839 1821 1871 p.

132 1887 178 1964 ἦε)
194 1895 259 1965 10ῼᾲ
286 1881 619 1964 <{IG-litngyparissus
646 1881 770 1914 autem
797 1890 825 1914 e.
854 1890 887 1922 q.
916 1878 959 1923 s.]
988 1877 1032 1912 cf.
1062 1876 1160 1912 Serv.
1187 1877 1234 1910 ad
1259 1887 1385 1920 georg.
1412 1876 1427 1909 Ι
1453 1879 1508 1911 20.
1536 1875 1720 1919 mythogr.
1747 1874 1763 1907 I
1791 1879 1822 1918 6,

233 2063 249 2093 1
279 2060 327 2094 ad
354 2060 393 2093 at
417 2069 531 2102 genus
557 2068 657 2101 supr.
682 2066 769 2091 vers.
796 2055 954 2100 figurate
979 2065 1095 2099 genus
1122 2053 1310 2097 complent
1336 2052 1429 2086 dixit
1454 2053 1494 2086 ut
1519 2052 1579 2086 hic
1605 2063 1734 2086 manus
1760 2063 1823 2095 pa-

133 2107 245 2142 triam
277 2105 524 2151 oppugnando
560 2105 591 2137 T
626 2104 638 2148 ΙΙ
674 2108 694 2137 3
724 2104 771 2137 cul
804 2102 963 2137 excitum
993 2112 1092 2144 supr.
1124 2112 1211 2134 vers.
1246 2101 1442 2135 euocatum
1475 2098 1575 2133 illius
1602 2099 1761 2133 clamore
1789 2100 1826 2132 et

135 2155 250 2189 citum
284 2165 350 2198 pro
385 2152 546 2187 excitato
579 2162 644 2195 per
681 2150 870 2194 sincopam
905 2150 942 2183 et
974 2148 1077 2182 uenit
1108 2159 1181 2182 non
1217 2158 1238 2181 a
1270 2147 1347 2181 cieo
1381 2146 1445 2181 sed
1471 2158 1492 2181 a
1518 2146 1574 2180 cio
1602 2146 1653 2180 cis
1681 2146 1732 2179 cit
1760 2146 1791 2179 T
1814 2146 1824 2190 {l

136 2206 156 2236 5
183 2201 360 2246 poterunt
387 2199 426 2234 F
433 2199 462 2234 G
497 2198 645 2243 poterat
676 2198 709 2231 L
739 2198 750 2241 11
783 2202 802 2231 6
830 2198 893 2231 aut
924 2195 1062 2229 similes
1160 2194 1380 2238 Polyphemi
1412 2193 1545 2228 fratres
1572 2204 1636 2227 om..
1664 2193 1750 2226 LH
1772 2194 1825 2235 (ιή

135 2260 247 2293 mar-(J.
275 2248 357 2282 add.
386 2248 410 2290 Z)
438 2248 503 2280 aut
528 2245 691 2280 eiusdem
712 2273 719 2280 .
736 2273 742 2279 .
759 2273 766 2279 .
786 2243 915 2278 matris
941 2244 1022 2277 hub.
1050 2242 1080 2277 0
1109 2244 1120 2286 ΙΙ
1153 2246 1170 2276 7
1199 2241 1310 2275 maris
1339 2241 1368 2275 G
1391 2242 1402 2285 ΙΙ
1433 2242 1481 2275 acl
1507 2241 1667 2274 Aetneos
1694 2239 1824 2274 fratres

134 2307 235 2339 supr.
261 2306 348 2329 vers.
377 2293 539 2328 eiusdem
566 2291 707 2336 patriae
733 2291 795 2325 uel
819 2292 940 2324 terrae
965 2291 1153 2333 tamquam
1180 2289 1307 2323 matris
1339 2289 1370 2321 Τ
1406 2289 1416 2331 [1
1453 2288 1583 2322 fratres
1610 2287 1826 2331 polyphemi

138 2343 230 2377 ME
247 2343 259 2386 ΙΙ
279 2346 298 2376 8
326 2341 387 2386 eo]
414 2342 469 2375 est
496 2338 525 2374 G
541 2340 553 2383 Η
571 2340 793 2374 hoccaecato
816 2337 890 2371 FO
907 2338 918 2381 Η
938 2341 957 2371 9
984 2337 1139 2380 protulit
1160 2336 1199 2370 F
1215 2337 1226 2379 [Ι
1249 2339 1289 2369 10
1315 2334 1387 2369 fuit
1409 2335 1465 2378 011
1483 2335 1594 2379 unde]
1622 2334 1664 2367 ut
1689 2334 1733 2367 de
1755 2333 1795 2367 F
1816 2335 1817 2344 ¹

139 2393 179 2423 11
208 2388 367 2423 desentit
386 2388 419 2420 L
438 2389 449 2431 ΙΙ
468 2398 577 2421 CAELO
603 2397 668 2430 pro
694 2385 733 2419 in
759 2385 901 2419 caelum
928 2385 1007 2419 hab.
1032 2384 1067 2418 G.
1102 2384 1150 2417 ad
1177 2383 1278 2416 caelo
1304 2394 1402 2425 supr.
1424 2392 1510 2415 vers.
1533 2381 1579 2415 ad
1600 2381 1745 2415 caelum
1769 2381 1816 2425 Τ1

138 2437 186 2470 ad
211 2435 408 2470 concilium
435 2433 656 2468 horrendum
682 2443 780 2476 supr.
806 2442 892 2466 vers.
920 2430 1037 2465 ueluti
1063 2430 1239 2474 explanat
1264 2430 1362 2473 quod
1389 2428 1532 2462 dixerat
1559 2429 1733 2462 aethneos
1754 2426 1826 2461 fra-

137 2485 222 2526 tres,
249 2483 289 2516 in
313 2492 426 2526 marry.
453 2480 643 2514 horridum
668 2481 797 2514 extans
825 2480 861 2513 et
886 2478 1096 2523 prominens
1123 2477 1345 2511 horrendum
1370 2475 1525 2509 uitabile
1550 2475 1587 2509 et
1606 2475 1743 2508 tetrum
1768 2474 1799 2507 Τ
1816 2474 1827 2518 Η

141 2534 182 2564 12
210 2541 341 2564 conum
371 2527 616 2562 substinentes
644 2527 722 2570 (sic)
748 2527 827 2561 hub.
857 2526 887 2560 G
914 2527 925 2570 ΙΙ
956 2536 1114 2559 connum
1140 2524 1180 2557 F
1207 2526 1218 2568 ΙΙ
1252 2528 1293 2558 13
1321 2522 1516 2557 aconoides
1544 2521 1583 2555 F
1617 2521 1772 2555 aconoid
1800 2521 1830 2554 (J

139 2576 311 2612 conoides
337 2575 520 2609 LHME
543 2575 554 2619 ΙΙ
582 2585 672 2611 nam
694 2584 758 2608 om.
788 2572 817 2607 G
839 2574 850 2616 ΙΙ
880 2577 922 2607 14
950 2572 1165 2616 Cyparissus
1191 2571 1291 2605 telefi
1317 2569 1413 2604 filius
1438 2570 1509 2603 fuit
1530 2567 1765 2604 ...lacrimis
1791 2569 1827 2601 et

138 2624 298 2659 luctibus
331 2633 418 2667 ergo
451 2632 646 2666 cupressae
672 2621 750 2665 (sic)
779 2621 885 2664 quasi
908 2619 1075 2654 infernae
1103 2619 1162 2653 uel
1189 2618 1275 2662 quia
1301 2617 1462 2651 succisae
1488 2628 1562 2650 non
1588 2616 1828 2650 renascuntur

142 2671 202 2706 uel
233 2670 321 2714 quia
346 2669 445 2714 apud
471 2668 604 2703 atticos
630 2668 795 2702 funestae
822 2667 951 2702 domus
977 2666 1085 2700 huius
1112 2666 1240 2700 fronde
1266 2665 1437 2699 uelantur
1463 2665 1503 2698 iu
1527 2673 1640 2706 utu-ry.
1667 2663 1732 2705 tuf.
1765 2662 1797 2695 Τ
1817 2661 1828 2706 Η

139 2730 316 2753 cxrAnism
343 2715 551 2761 cyparissus
578 2714 769 2750 autem‘F
797 2716 808 2759 ΙΙ
838 2715 897 2749 vel
919 2743 924 2749 .
943 2743 971 2749 ..
995 2713 1143 2748 Silvano
1170 2724 1234 2747 om.
1264 2711 1382 2746 FTG
1403 2712 1414 2755 ΙΙ
1444 2714 1485 2745 15
1512 2711 1670 2744 lassatus
1768 2720 1826 2742 cx-

143 2765 278 2800 citatus
305 2775 371 2798 om.
400 2763 519 2798 GLH
525 2763 572 2796 M
578 2763 617 2796 E
623 2790 632 2804 ,
659 2763 771 2796 edidit
797 2761 1002 2805 Stephanus
1029 2762 1040 2805 ΙΙ
1067 2761 1246 2794 classatus
1275 2759 1314 2793 F
1329 2761 1340 2803 Η
1366 2759 1470 2793 aestu
1496 2768 1560 2791 om.
1588 2757 1793 2799 sumamus
1818 2756 1829 2800 Η

142 2816 185 2847 16
212 2811 369 2855 strepitu
395 2821 459 2845 om.
487 2810 692 2853 Stephanus
716 2810 727 2852 ΙΙ
753 2819 901 2842 ceruam
927 2819 1039 2852 quam
1069 2808 1100 2840 T
1116 2808 1128 2851 ΙΙ
1154 2806 1287 2841 diliciis
1316 2805 1392 2840 FO
1407 2807 1418 2848 Η
1444 2805 1557 2838 feram
1585 2804 1735 2837 credens
1761 2814 1826 2836 om.

143 2858 262 2893 GLH
268 2858 316 2891 M
322 2857 376 2899 E,
403 2857 515 2892 edidit
541 2856 745 2899 Stephanus
772 2857 783 2898 ΙΙ
810 2859 851 2889 17
878 2855 989 2889 misso
1016 2855 1091 2889 telo
1118 2855 1197 2888 Ιιαῖ).
1227 2853 1283 2896 011
1303 2852 1499 2888 occidisset
1525 2879 1531 2884 .
1560 2878 1566 2884 .
1596 2878 1602 2884 .
1631 2861 1828 2884 conuersus

141 2905 214 2951 est]
242 2904 387 2939 occidit.
428 2903 489 2938 sed
516 2914 599 2937 cum
625 2903 715 2936 fletu
738 2901 853 2936 nimio
880 2903 918 2936 et
944 2901 1190 2936 abstinentiae
1219 2902 1294 2944 (stc)
1322 2899 1394 2934 cibi
1420 2910 1461 2932 ac
1481 2897 1644 2942 potionis
1664 2897 1828 2931 tabesce-

141 2954 198 2986 ret
229 2963 251 2986 a
282 2950 533 2986 misericordia
559 2949 846 2993 (misericordiae
874 2949 929 2993 F)
957 2949 1107 2983 deorum
1134 2950 1274 2991 (corum
1302 2946 1341 2980 F
1375 2946 1499 2988 itaque
1526 2945 1609 2978 add.
1638 2943 1683 2986 G)
1710 2943 1746 2977 in
1773 2955 1829 2977 ar-

145 2999 273 3034 borem
305 3009 513 3042 cupressum
540 3008 737 3031 conuersus
764 2997 820 3030 est
847 2995 886 3030 F
895 2996 977 3037 TC,
1009 2996 1083 3030 uisi
1108 2996 1202 3039 quod
1224 3005 1292 3038 pro
1321 2993 1358 3027 ‘a
1382 2991 1634 3026 misericordia
1660 2990 1826 3025 deorum'

143 3045 432 3080 misericordiam
458 3045 609 3079 deorum
636 3043 770 3077 meruit
794 3043 918 3087 itaque
945 3047 975 3077 et
996 3054 1065 3087 pro
1094 3041 1319 3077 ‘conuersus'
1347 3051 1472 3074 uersus
1496 3039 1527 3071 Τ
1544 3039 1555 3082 ΙΙ
1578 3041 1618 3071 18
1639 3037 1830 3071 numinum

144 3103 209 3127 om.
237 3092 271 3126 L
296 3094 407 3136 (supr.
433 3102 521 3126 vers.
549 3092 631 3125 add.
659 3092 683 3133 Z)
703 3091 715 3134 ΙΙ
735 3094 778 3123 19
806 3091 843 3124 et
867 3091 991 3135 aptam
1016 3090 1047 3123 Τ
1064 3091 1075 3133 ΙΙ
1095 3100 1180 3133 crgo
1208 3116 1214 3122 .
1244 3115 1250 3122 .
1278 3115 1285 3122 .
1312 3087 1482 3121 velantur
1501 3088 1585 3130 post
1610 3084 1830 3129 Proserpina

144 3141 195 3185 (p.
222 3143 301 3182 452,
330 3141 386 3183 10)
413 3139 493 3173 hab.
521 3138 587 3181 Fu
608 3142 651 3172 20
677 3137 790 3172 attico
818 3136 858 3170 F

1480 3192 1548 3227 29*

1843 589 1862 617 ἴ)

1846 941 1887 970 10
