2204 3437
851 186 1133 222 PRAEFATIO.
1701 185 1830 219 LXVII

146 315 256 354 esse,
300 300 431 341 veluti
479 299 768 340 additamenta
811 311 895 338 non
939 296 1057 337 nulla
1103 309 1197 336 cum
1247 294 1402 348 glossis
1451 294 1693 347 comparavi
1733 309 1834 347 quas

144 370 460 411 Hildebrandus
495 385 515 411 e
550 366 906 424 Sangermanensi
944 366 1055 407 libro
1090 367 1310 419 excerptas
1344 365 1387 405 in
1421 363 1620 418 glossarii
1652 363 1834 405 Parisini

146 438 451 482 commentario
497 440 639 481 edidit.
701 439 751 481 cf.
794 452 901 492 quae
943 437 993 478 de
1034 437 1277 491 glossarum
1319 435 1430 476 libro
1472 434 1688 475 Vsenerus
1730 450 1835 475 nius.

142 511 276 552 Rhen.
309 511 455 552 XXIV
475 526 513 565 p.
546 511 631 553 382
652 524 740 564 sqq.
792 511 834 549 et
865 507 1059 549 Loewius
1091 506 1305 561 prodrom.
1333 521 1372 560 p.
1394 505 1478 546 222
1506 520 1594 559 sqq.
1628 505 1834 547 dixerunt.

142 584 327 623 ceterum
361 582 485 622 illum
524 581 595 636 qui
628 579 900 622 Da-nielinum
942 577 1297 619 commentarium
1338 575 1579 629 composuit
1616 575 1834 616 uberiores

142 655 362 694 auctorum
397 667 570 694 suorum
604 650 894 705 expositiones
926 649 971 689 in
998 647 1170 689 brevius
1205 647 1455 688 contrahere
1493 661 1578 687 non
1617 646 1834 687 dubitasse

142 727 184 765 et
216 724 423 765 sermonis
457 723 607 763 habitu
635 724 677 762 et
708 719 917 761 Macrobii
950 719 1060 759 libro
1089 720 1338 771 comparato
1372 717 1621 758 ostenditur.
1672 717 1713 757 in
1741 716 1833 758 Ser-

142 795 275 836 vianis
310 808 475 848 quoque
508 793 643 834 multa
684 792 755 832 ille
788 790 969 832 mutavit
1008 792 1082 830 aut
1113 791 1160 830 ut
1193 788 1335 830 aliena
1374 788 1592 829 commode
1634 788 1832 829 adderen-

141 869 220 919 tur,
244 865 313 920 (cf.
327 880 366 919 p.
382 863 439 919 X)
453 866 527 905 aut
540 863 638 917 quia
665 862 763 917 quid
786 861 956 903 Servius
976 860 1183 901 voluisset
1198 875 1285 901 non
1309 859 1598 913 intellexerat,
1624 861 1695 900 aut
1718 859 1835 900 nulla

140 936 224 977 alia
269 949 397 977 causa
441 935 524 976 nisi
568 933 808 988 corrigendi
852 932 1029 973 libidine
1074 929 1336 985 impulsus.¹)
1394 929 1642 971 Servianum
1690 932 1832 970 autem

139 1007 354 1061 exemplar
399 1021 481 1061 quo
526 1020 626 1046 usus
672 1007 737 1046 est
780 1006 828 1045 ut
871 1002 986 1044 haud
1038 1003 1182 1056 paucis
1229 1002 1333 1043 locis
1379 1001 1567 1055 vulgatis
1617 1001 1831 1042 codicibus

140 1077 403 1118 emendatius
436 1074 580 1131 fuit2),
622 1076 684 1116 ita
725 1074 818 1116 aliis
861 1073 1006 1115 eadem
1050 1073 1202 1114 menda
1248 1071 1436 1113 ostendit
1478 1071 1632 1125 quibus
1675 1071 1736 1112 illi
1769 1072 1832 1112 in-

138 1148 303 1203 quinati
336 1145 489 1203 sunt.3)

257 1224 348 1273 Quo
381 1227 574 1278 tempore
614 1222 766 1264 vixerit
804 1223 838 1263 is
879 1222 951 1276 qui
990 1221 1225 1275 pleniorem
1266 1219 1618 1261 commentarium
1661 1233 1832 1273 compo-

144 1295 230 1336 suit
266 1310 353 1337 non
393 1296 536 1349 potest
573 1294 665 1335 sine
703 1293 970 1334 dubitatione
1010 1292 1109 1346 dici,
1155 1305 1412 1346 quamquam
1458 1293 1627 1331 constat
1666 1290 1830 1331 Isidoro

138 1381 234 1406 eum
268 1366 491 1420 aliquanto
524 1364 771 1406 inferiorem
796 1364 946 1405 fuisse:
980 1378 1030 1404 ex
1051 1361 1264 1416 originum
1285 1361 1408 1402 libris
1430 1362 1543 1402 enim
1565 1361 1667 1402 satis
1694 1361 1830 1402 multa

136 1436 403 1490 deprompsit
436 1438 563 1490 atque
596 1450 727 1476 unum
759 1435 918 1488 locum,
951 1433 1022 1488 qui
1049 1434 1093 1474 in
1120 1432 1307 1487 vulgatis
1340 1432 1462 1473 libris
1496 1434 1722 1485 corruptus
1756 1435 1830 1486 est,

136 1507 388 1548 emendavit.
439 1506 490 1548 cf.
521 1522 560 1560 p.
575 1505 725 1547 XLIII.
765 1520 790 1546 a
829 1505 1061 1546 christiano
1100 1503 1270 1545 homine
1298 1518 1347 1544 ea
1380 1518 1485 1557 quae
1519 1503 1622 1543 Aen.
1655 1502 1716 1543 IV
1744 1503 1830 1544 200

135 1577 193 1632 (p.
225 1578 333 1632 499,
366 1576 461 1633 23),
505 1576 568 1618 IV
600 1577 683 1618 301
719 1574 776 1632 (p.
810 1576 914 1629 518,
945 1575 992 1631 4)
1039 1575 1253 1617 Servianis
1300 1575 1446 1615 addita
1492 1577 1592 1614 sunt
1637 1574 1829 1627 profecta

135 1663 226 1690 esse
266 1648 537 1690 Burmannus
575 1648 695 1689 vidit.
749 1647 855 1689 hacc
894 1661 1061 1701 quoque
1102 1660 1208 1700 quae
1247 1646 1351 1686 Aen.
1392 1644 1499 1686 VIII
1539 1644 1623 1685 670
1663 1645 1706 1685 111
1744 1660 1827 1685 uno

136 1719 397 1761 Floriacensi
431 1721 580 1761 extant
611 1733 687 1772 qao
719 1719 835 1759 modo
866 1718 974 1759 enim
998 1718 1202 1770 piisima
1227 1717 1406 1758 redderet
1435 1717 1504 1768 (staff
1533 1716 1575 1756 in
1606 1729 1646 1757 se
1677 1716 1829 1768 impius·

133 1790 215 1841 fuit
245 1790 358 1831 haud
392 1790 478 1832 scio
514 1804 569 1830 an
602 1789 886 1831 christianum
925 1802 1096 1828 sensum
1135 1787 1375 1828 ostendant.
1433 1786 1612 1840 denique
1651 1801 1700 1826 ex
1738 1786 1826 1839 ple-

136 1861 328 1902 nioribus
361 1861 483 1902 libris
517 1856 702 1914 exempli
735 1874 862 1901 causa
895 1858 1102 1913 quaedam
1137 1857 1332 1899 adscribo
1367 1857 1520 1911 quibus
1554 1857 1602 1897 de
1635 1860 1825 1898 veterum

135 1932 429 1973 Romanorum
473 1931 685 1973 institutis
732 1933 774 1971 et
812 1929 1092 1984 religionibus
1140 1931 1266 1983 atque
1313 1929 1444 1970 etiam
1490 1942 1683 1969 sermone
1725 1931 1827 1968 tam-

134 2017 260 2057 quam
304 2003 354 2044 de
400 2003 574 2044 abolitis
615 2004 741 2056 atque
786 2001 1023 2055 peregrinis
1068 2000 1195 2041 rebus
1241 2000 1396 2054 agitur.
1455 1999 1559 2039 Aen.
1591 1999 1611 2039 I
1654 1999 1734 2039 179
1770 1998 1827 2051 (p.

136 2074 202 2127 72,
233 2073 279 2129 4)
323 2074 511 2126 flamines
555 2076 688 2115 autem
729 2073 917 2124 farinam
954 2071 1239 2123 fermentatam
1284 2071 1509 2124 contingyere
1550 2083 1633 2111 non
1678 2069 1826 2111 licebat.

108 2145 153 2185 Ἰ
188 2145 269 2186 183
304 2143 364 2199 (p.
398 2145 464 2196 73,
498 2143 571 2198 21)
604 2144 722 2189 fiebat
752 2143 823 2184 hoe
861 2145 996 2183 autem
1035 2145 1073 2182 et
1101 2142 1210 2195 siym'
1237 2142 1396 2194 qratia,
1428 2155 1685 2195 quamquam
1718 2140 1826 2194 apud

138 2214 333 2257 Servium
365 2215 493 2269 paulo
534 2217 631 2255 ante
670 2214 720 2255 de
758 2213 905 2254 eodem
944 2226 1061 2253 more
1105 2211 1210 2252 haec
1253 2211 1387 2252 habes
1426 2213 1524 2264 qaia
1560 2212 1827 2265 wavigyam‘wn

133 2288 199 2326 est.
247 2285 268 2326 Ι
300 2285 384 2326 219
418 2283 479 2340 (p.
513 2285 586 2338 84,
621 2283 693 2339 10)
717 2287 812 2337 post
841 2296 987 2324 nomen
1018 2283 1126 2323 emm
1157 2282 1337 2334 defimetz'
1366 2286 1550 2324 vocatum
1583 2283 1696 2323 tertio
1728 2283 1827 2323 dice-

134 2356 254 2397 batur
283 2356 371 2397 vale
402 2356 490 2397 vale
519 2355 617 2397 vale.
658 2355 708 2396 cf.
742 2354 858 2396 Serv.
897 2353 948 2395 ad
988 2354 1092 2394 Aen.
1125 2352 1167 2393 II
1207 2353 1289 2394 789
1331 2356 1374 2394 et
1411 2353 1472 2394 XI
1510 2353 1578 2394 97.
1627 2352 1733 2393 Aen.
1764 2352 1825 2392 IV

140 2426 220 2467 167
257 2425 474 2467 Servianis
507 2440 614 2480 quae
655 2427 755 2466 sunt
791 2425 896 2465 unde
933 2423 1124 2476 hodieque
1162 2427 1198 2464 et
1232 2424 1342 2475 faces
1370 2425 1608 2477 praelucent
1646 2427 1681 2464 et
1719 2437 1826 2476 aqua

127 2498 260 2550 petita
290 2497 457 2550 deparo
486 2497 597 2549 fonte
629 2497 793 2537 interest
811 2495 967 2548 nuptiis
998 2494 1040 2534 in
1062 2493 1095 2534 F
1099 2494 1327 2536 loriacensi
1360 2495 1506 2536 addita
1539 2497 1638 2535 sunt
1669 2496 1716 2536 de
1745 2508 1825 2547 qua

134 2568 371 2610 n‘zcbentibus
401 2568 581 2610 solebant
602 2568 725 2621 pedes
757 2567 902 2609 lavari.
935 2565 1030 2606 Aen
1061 2564 1122 2606 IV
1149 2565 1232 2606 207
1268 2564 1325 2620 (p.
1353 2566 1459 2617 501,
1492 2564 1537 2618 9)
1572 2566 1723 2607 libatur
1755 2580 1824 2606 ex—

255 2761 286 2804 1)
315 2760 357 2795 cf.
385 2758 475 2794 Aen.
502 2760 516 2793 Ι
543 2764 562 2794 3
596 2761 644 2804 (p.
673 2764 704 2803 9,
733 2763 775 2794 15
803 2760 840 2794 et
865 2760 940 2802 20);
974 2762 1017 2793 29
1044 2760 1090 2802 (p.
1118 2761 1174 2801 24,
1204 2760 1278 2801 11);
1309 2762 1373 2793 145
1400 2771 1434 2803 p.
1464 2762 1518 2801 (32,
1548 2761 1589 2791 15
1618 2757 1728 2800 sqq.);
1760 2759 1824 2789 188

133 2815 181 2858 (p.
211 2817 265 2856 75,
290 2814 361 2857 12),
389 2817 457 2847 226
485 2814 533 2857 (p.
561 2816 617 2856 86,
646 2815 720 2857 16);
747 2813 781 2846 Π
808 2816 850 2847 32
878 2814 925 2856 (p.
955 2815 1033 2855 220,
1060 2813 1136 2854 23),
1167 2815 1250 2854 1343
1279 2816 1344 2846 703
1375 2813 1421 2855 (p.
1444 2816 1522 2853 321,
1550 2813 1623 2851 20);
1652 2810 1735 2842 Vll]
1760 2812 1823 2841 128

133 2867 187 2910 (in
213 2867 316 2901 aetiis
344 2866 403 2900 vel
427 2867 468 2900 in
493 2866 595 2900 oetiis
622 2864 790 2900 Serviani
821 2864 907 2899 libri
935 2863 1127 2907 exhibent,
1163 2865 1202 2898 in
1228 2865 1458 2908 antiffloitatis
1486 2864 1589 2897 libris
1614 2861 1823 2895 Floriaffln-

135 2919 195 2954 sis.
295 2922 328 2962 2)
357 2918 401 2953 cf.
427 2918 478 2952 IV
503 2921 548 2953 38
576 2920 623 2962 (p.
651 2921 730 2961 468,
758 2919 833 2961 24),
860 2921 903 2951 57
933 2918 979 2961 (p.
1008 2921 1087 2961 472,
1117 2920 1189 2962 18);
1219 2921 1261 2951 (35
1290 2919 1338 2961 (p.
1366 2921 1445 2960 475,
1474 2918 1550 2959 25);
1582 2919 1643 2949 132
1673 2916 1821 2958 (1).4S(5‚

133 2973 208 3016 23);
237 2976 303 3007 146
331 2975 378 3016 (p.
407 2974 488 3014 490,
513 2972 560 3016 4).
706 2972 739 3013 3)
767 2970 812 3005 cf.
840 2970 853 3003 I
883 2974 945 3005 191
975 2972 1023 3015 (p.
1046 2975 1100 3014 76,
1124 2973 1156 3015 1)
1184 2972 1281 3005 loeus
1306 2980 1371 3014 pro
1399 2970 1501 3003 lucus
1529 2968 1589 3001 ΒΚ
1616 2969 1653 3001 ct
1680 2966 1736 3001 (ΣΡ
1763 2978 1822 3001 ex-

132 3024 280 3067 hibent3
307 3024 345 3058 in
370 3023 428 3058 his
455 3025 518 3069 qai
540 3024 687 3067 frondes
712 3024 815 3058 habet
841 3033 860 3057 e
887 3022 1099 3057 coniectura
1125 3023 1255 3058 addita
1281 3023 1388 3064 sunl-,3
1418 3021 1445 3055 ΙΙ
1470 3024 1536 3055 486
1565 3022 1611 3065 (p.
1641 3024 1719 3064 293,
1745 3022 1821 3064 22);

134 3077 182 3111 IV
215 3082 281 3113 207
319 3081 366 3122 (p.
388 3081 486 3122 -501,
522 3079 576 3121 13)
616 3077 766 3111 lacubus
808 3087 873 3122 pro
907 3077 1033 3111 loculis
1064 3087 1082 3110 c
1116 3075 1327 3110 coniectura
1359 3074 1395 3107 ni
1427 3073 1536 3108 fallor
1562 3073 1818 3116 Floriacensis3

138 3130 168 3164 V
195 3133 247 3164 28.
