2204 3437
255 2128 271 2142 ὀ

351 131 376 171 g
1117 128 1277 163 SERVII

349 237 728 291 praepositionem,
761 237 820 277 sic
853 236 922 276 hic
954 235 1209 289 provinciae.
1260 239 1302 277 et
1328 239 1393 277 est
1418 236 1568 289 figura.
1617 235 1746 278 Italia
1770 239 1911 278 autem
1944 252 2042 291 pars

349 308 547 361 Europae
579 309 656 348 est.
718 306 853 347 Italus
886 305 1000 345 enim
1031 319 1104 345 rex
1138 303 1378 346 Siculorum
1415 304 1633 358 profectus
1666 305 1716 346 de
1749 304 1896 347 Sicilia
1927 307 2045 348 venit

350 378 403 418 acl
446 378 555 429 1000,
601 390 707 430 quae
751 378 850 415 sunt
890 375 1010 415 iuxta
1047 374 1258 427 Tiberim,
1302 378 1345 416 et
1390 389 1438 415 ex
1481 375 1653 416 nomine
1691 390 1767 416 suo
1810 377 2045 430 appellavit

351 447 534 488 Italiam.
596 447 655 487 ibi
689 447 829 486 autem
861 436 1082 486 habitasse
1115 444 1278 486 Siculos
1311 445 1384 486 ubi
1417 448 1481 486 est
1514 445 1880 500 Laurolavinium,
1912 447 2045 488 mani-

304 529 323 557 5
350 517 508 559 festum
547 520 629 570 est,
668 516 777 557 sicut
814 515 905 568 ipse
945 515 1028 556 alio
1067 516 1160 556 loco
1199 516 1303 557 dicit
1335 514 1493 557 Siculi
1532 518 1836 570 veteresque
1875 515 2045 558 Sicani
2070 521 2082 532 ¹

351 591 393 628 et
432 590 611 641 gentes
655 599 835 627 venere
875 584 1089 627 Sicanae
1131 587 1347 640 saepius.
1467 600 1564 628 sane
1603 585 1815 627 ‘Italiam'
1854 587 1870 627 i
1906 591 2046 628 contra

350 661 546 698 natea-am
563 657 765 709 producta
789 659 863 704 cst,
889 670 979 697 cum
1003 657 1057 697 sit
1080 660 1233 698 natura
1259 657 1398 698 brevis.
1519 668 1640 698 FATo
1661 668 1902 699 PROFVGVS
1924 657 2045 699 ‘fato'

352 727 404 768 ad
435 730 660 781 utrumque
693 726 897 780 pertinet,
931 729 973 767 et
1006 726 1119 780 quod
1150 726 1278 781 fugit,
1311 728 1354 767 et
1385 726 1496 780 quod
1529 726 1580 766 ad
1612 725 1785 767 Italiam
1816 727 1944 768 venit.
2007 734 2048 769 et

351 799 456 839 bene
484 797 647 839 addidit
668 796 813 850 ‘fato',
839 811 892 838 ne
912 797 1106 838 videatur
1132 799 1206 838 aut
1226 811 1354 838 causa
1374 796 1564 838 criminis
1590 796 1777 850 patriam
1798 796 2047 847 deseruisse,

287 878 328 908 10
355 871 428 909 aut
464 868 564 909 novi
609 867 780 921 imperii
818 867 1061 921 cupiditate.
1123 867 1331 921 profugus
1377 869 1519 908 autem
1563 867 1734 921 proprie
1779 867 1933 909 dicitur
1976 868 2048 922 qui

351 940 497 993 procul
531 954 554 979 a
587 938 757 979 sedibus
798 938 883 979 suis
923 940 1125 992 vagatur,
1165 938 1288 992 quasi
1325 953 1452 991 porro
1490 938 1677 992 fugatus.
1740 938 1865 979 multi
1903 940 2047 980 tamen

352 1010 414 1050 ita
440 1009 665 1062 definiunt,
697 1011 745 1049 ut
776 1008 981 1062 profugos
1016 1023 1086 1049 eos
1120 1008 1263 1049 dicant
1295 1007 1366 1062 qui
1400 1007 1562 1062 exclusi
1592 1008 1848 1049 necessitate
1877 1008 1927 1050 de
1959 1009 2047 1049 suis

354 1079 524 1120 sedibus
551 1078 687 1119 adhuc
707 1080 938 1132 vagantur,
966 1079 1008 1118 et
1029 1077 1154 1118 simul
1176 1080 1302 1131 atque
1323 1077 1563 1119 invenerint
1584 1078 1722 1131 sedes,
1747 1093 1831 1120 non
1853 1078 2048 1121 dicantur

353 1149 542 1203 profugi,
582 1149 654 1190 sed
693 1149 847 1190 exules.
910 1148 982 1189 sed
1024 1150 1250 1201 utrumque
1287 1147 1445 1188 falsum
1485 1150 1560 1189 est.
1622 1163 1722 1189 nam
1761 1152 1803 1190 et
1840 1150 2048 1204 profugus

288 1227 328 1258 15
356 1220 491 1261 lectus
519 1222 583 1260 est
609 1220 681 1273 qui
707 1220 792 1260 iam
820 1219 940 1260 sedes
966 1218 1143 1271 locavit,
1175 1220 1223 1258 ut
1249 1218 1292 1259 in
1312 1217 1482 1259 Lucano
1515 1219 1823 1273 profugique
1851 1236 1875 1261 a
1901 1223 2049 1275 gente

354 1292 558 1330 vetusta
591 1289 856 1331 Gallorum
887 1288 1065 1331 Celtae
1098 1288 1374 1329 miscentes
1406 1303 1587 1329 nomen
1619 1288 1846 1343 Hiberis,
1879 1294 1921 1332 et
1953 1292 2049 1332 exul

355 1360 426 1413 qui
460 1359 595 1400 adhuc
627 1362 826 1413 vagatur,
859 1362 906 1400 ut
941 1360 983 1399 in
1012 1358 1215 1400 Sallustio
1249 1359 1332 1412 qui
1363 1359 1505 1400 nullo
1539 1361 1679 1400 certo
1713 1360 1869 1401 exilio
1902 1375 2050 1416 vaga-

354 1431 557 1470 bantur:
607 1429 709 1470 adeo
751 1429 924 1470 exilium
964 1431 1029 1470 est
1068 1429 1162 1482 ipsa
1200 1428 1388 1482 vagatio.
1508 1430 1675 1481 quidam
1711 1430 1775 1471 hic
1814 1430 2050 1485 ‘profugus'

345 1500 614 1553 participimn
650 1500 800 1541 volunt.
920 1513 1018 1540 sanc
1056 1512 1138 1540 non
1179 1500 1298 1540 otiose
1337 1499 1425 1551 fato
1462 1500 1685 1553 profhtyam
1724 1501 1823 1542 (licit
1857 1501 2051 1552 Aeneam,

288 1579 331 1608 20
356 1583 493 1611 verimi
534 1584 582 1611 coc
621 1571 837 1623 disciplina
878 1570 1158 1610 Etruscorum.
1220 1572 1277 1610 cst
1319 1570 1426 1610 enim
1469 1570 1514 1610 in
1558 1570 1658 1611 libro
1701 1572 1772 1623 qni
1813 1572 2051 1613 inscribitur

355 1641 510 1682 litterae
552 1641 656 1681 iaris
693 1641 893 1682 Etrwiae
933 1641 1128 1692 scriptum
1172 1640 1330 1681 vocibus
1371 1640 1522 1693 Tayae,
1565 1654 1669 1682 eum
1710 1642 1792 1693 qai
1830 1655 1982 1695 ycnus
2025 1656 2052 1682 a

346 1711 572 1764 periuris
597 1712 807 1761 (luceret,
837 1711 940 1762 fato
966 1713 1205 1751 extorrem
1230 1713 1271 1751 et
1297 1710 1560 1764 profayum
1585 1724 1682 1753 esse
1705 1712 1878 1753 debere.
1926 1726 2051 1765 porro

353 1796 380 1822 a
410 1782 679 1823 Laomedonte
711 1782 879 1834 periuro
914 1794 1040 1834 genus
1076 1781 1187 1822 (lacit
1222 1780 1400 1834 Aeneas,
1442 1782 1640 1833 siquidem
1683 1782 1784 1823 alibi
1812 1778 1885 1824 vait
1923 1784 2051 1824 satis

357 1853 452 1892 lam
481 1852 673 1905 pridem
711 1852 953 1905 sanquine
989 1854 1154 1892 nostro
1186 1851 1568 1893 Laomedonteae
1605 1853 1788 1894 luimus
1819 1854 2052 1906 periuria

286 1929 328 1959 25
359 1922 545 1963 Troiae.
666 1933 933 1972 LAVINAQVE
968 1933 1107 1962 VENIT
1141 1932 1313 1962 LITORA
1351 1921 1455 1963 haec
1488 1922 1639 1963 civitas
1671 1923 1757 1965 tria
1793 1923 1945 1965 habuit
1977 1938 2051 1965 no·

357 1992 483 2033 mina.
545 2006 644 2032 nam
687 1992 872 2045 primum
910 1991 1118 2033 Lavinum
1162 1991 1276 2032 dicta
1321 1994 1386 2032 est
1425 2007 1450 2032 a
1489 1991 1668 2047 Lavino,
1712 1994 1857 2035 Latini
1900 1994 2050 2046 fratre3

356 2065 506 2116 postea
543 2062 803 2103 Laurentum
843 2078 866 2104 a
904 2063 1024 2103 lauro
1063 2062 1237 2103 inventa
1269 2077 1293 2103 a
1325 2062 1498 2117 Latino,
1541 2063 1641 2104 dum
1680 2064 1832 2118 adepto
1871 2064 2051 2118 imperio

356 2135 455 2186 post
486 2132 632 2173 fratris
665 2135 846 2174 mortem
880 2132 1100 2173 civitatem
1133 2134 1328 2186 augeret,
1369 2135 1520 2186 postea
1551 2132 1774 2174 Lavinium
1807 2149 1832 2174 a
1864 2134 2052 2189 Lavinia,

356 2217 486 2244 uxore
507 2202 688 2244 Aeneae.
739 2216 840 2256 ergo
862 2201 1064 2243 ‘Lavina'
1092 2202 1317 2257 legendum
1346 2205 1428 2257 est,
1457 2218 1542 2244 11011
1564 2202 1796 2257 ‘Lavinia’,
1830 2204 1929 2258 quia
1952 2208 2052 2258 post
2087 2223 2090 2226 >

288 2282 331 2311 30
359 2274 587 2314 adventum
622 2273 792 2315 Aeneae
824 2272 1050 2314 Lavinium
1083 2288 1239 2314 nomen
1272 2273 1452 2327 accepit,
1486 2276 1528 2314 et
1560 2276 1634 2315 aut
1660 2274 1871 2315 Lavinum
1903 2274 2052 2316 debuit

451 2392 471 2423 5
501 2388 630 2434 Siculi]
658 2389 700 2423 A.
726 2389 794 2423 VII
821 2392 886 2423 795
916 2388 1065 2422 ‘Rutuli
1091 2389 1307 2432 veteresque
1335 2388 1477 2423 Sicani’
1509 2390 1520 2433 ΙΙ
1552 2394 1571 2424 6
1598 2389 1740 2434 gentes]
1768 2390 1810 2424 A.
1837 2390 1921 2424 VIII
1948 2394 2015 2424 328
2042 2392 2043 2432 1

359 2439 401 2469 10
435 2435 613 2479 profugus
648 2463 654 2469 .
683 2464 689 2469 .
719 2463 725 2469 .
758 2435 924 2480 fugatus]
962 2446 1072 2469 exscr.
1107 2435 1190 2470 Isid.
1225 2435 1314 2480 orig.
1342 2436 1374 2469 X
1401 2439 1479 2471 215.
1531 2437 1575 2470 cf.
1602 2448 1733 2470 comm.
1759 2436 1844 2471 Luc.
1871 2437 1921 2470 VI
1947 2441 2012 2472 421
2040 2435 2051 2481 ξ]

356 2482 465 2563 ῗὸὃέιῗ
485 2482 651 2527 Lucano]
678 2482 728 2516 IV
748 2486 767 2516 9
787 2484 799 2527 ΙΙ
821 2486 861 2517 17
888 2482 926 2516 in
948 2481 1141 2527 Sallustio]
1168 2482 1251 2516 hist.
1273 2483 1404 2527 fragm.
1433 2484 1481 2517 III
1504 2487 1546 2518 73
1567 2483 1678 2519 Kritz
1699 2485 1710 2528 ΙΙ
1730 2487 1773 2518 23
1795 2483 1903 2529 satis]
1924 2495 2048 2528 georg.

455 2638 468 2667 1
494 2634 588 2668 sicut
607 2635 641 2668 B
661 2634 672 2678 ΙΙ
700 2638 719 2668 2
746 2634 858 2679 onim]
887 2635 1009 2668 autem
1033 2633 1062 2668 C
1077 2635 1088 2678 ΙΙ
1108 2638 1127 2668 3
1154 2633 1303 2668 tiberim
1327 2634 1368 2668 C:
1395 2635 1554 2678 tyberim
1574 2635 1755 2669 BLHM
1774 2636 1785 2678 ΙΙ
1806 2640 1823 2669 7
1846 2636 1968 2670 breuis
1990 2636 2049 2670 6²:

357 2680 461 2714 beuis
490 2680 519 2715 G
534 2682 545 2725 ΙΙ
566 2694 742 2715 PROFVGVS
769 2681 887 2715 fatum
913 2681 1005 2714 RM
1022 2682 1034 2725 ΙΙ
1054 2685 1079 2713 8⁴
1100 2681 1312 2725 utrumque]
1342 2681 1459 2715 uirum
1480 2682 1515 2715 B
1534 2683 1545 2726 ΙΙ
1568 2687 1608 2716 12
1630 2682 1801 2716 difiniunt
1822 2683 1862 2717 H
1877 2683 1889 2727 ΙΙ
1910 2687 1951 2717 13
1978 2694 2050 2717 non

357 2727 432 2762 iam
458 2727 628 2762 dicantur
656 2727 754 2762 MCss
782 2729 794 2771 ΙΙ
826 2732 867 2761 15
894 2728 1031 2762 lectum
1062 2728 1091 2761 0
1115 2729 1126 2771 ΙΙ
1162 2732 1200 2762 17
1229 2727 1395 2762 sallustio
1424 2728 1466 2763 C:
1493 2728 1645 2763 salustio
1671 2729 1861 2765 BLHM.
1888 2731 2051 2774 quotiens

358 2774 556 2809 Sallustius
581 2776 792 2809 nominatur
817 2775 936 2809 eadem
959 2775 1166 2818 plerumque
1190 2775 1393 2817 scripturae
1424 2776 1670 2819 discrepantia
1701 2777 1874 2819 occurrit,
1907 2780 1947 2811 ut
1972 2778 2048 2821 plc-

357 2822 475 2855 niores
500 2822 586 2855 libri
614 2821 624 2854 l
650 2822 883 2866 geminatam,
908 2822 1102 2864 simplicem
1129 2822 1257 2865 reliqui
1283 2822 1480 2856 exhibeant.
1508 2823 1520 2866 ΙΙ
1547 2827 1591 2856 20
1618 2824 1844 2857 etruscorum
1872 2822 1932 2858 0²:
1972 2824 2049 2858 etu-

357 2878 501 2901 scorum
524 2868 554 2903 C
575 2869 586 2911 ΙΙ
612 2872 654 2902 21
681 2868 827 2903 litterae
848 2868 1041 2912 Berylcias:
1069 2869 1188 2902 terrae
1213 2868 1268 2911 011
1288 2868 1391 2913 iuris]
1419 2871 1435 2901 1
1461 2871 1514 2911 (id
1539 2873 1587 2903 est
1615 2870 1728 2912 (ποῖ’)
1755 2869 1846 2903 ruris
1871 2880 2045 2913 snperscr.

359 2914 402 2948 C³
420 2915 432 2958 ΙΙ
451 2916 535 2959 tage
559 2915 588 2949 C
603 2916 614 2960 ΙΙ
635 2916 735 2960 eum]
764 2927 844 2950 cum
868 2914 897 2949 C
911 2916 923 2958 ΙΙ
943 2919 986 2949 26
1009 2915 1182 2960 primum]
1211 2914 1311 2958 prius
1334 2915 1363 2949 G
1378 2917 1390 2959 ΙΙ
1410 2920 1450 2949 27
1474 2917 1656 2951 lauretum
1675 2916 1719 2949 II
1746 2916 2047 2951 Laurolavinium

357 2963 448 2995 coni.
474 2962 623 2997 Itubino
648 2963 763 2997 Beitr.
796 2973 824 2996 Ξ.
860 2962 1042 3007 γον-(103011.
1071 2963 1119 2995 st.
1145 2974 1180 3005 l).
1209 2966 1252 2995 99
1279 2966 1309 2995 ct
1339 2967 1414 2997 101.
1465 2964 1509 3006 cf.
1537 2963 1634 2997 Serv.
1662 2964 1710 2998 ad
1734 2963 1824 2998 Aen.
1853 2963 1920 2997 VII
1946 2967 1990 2998 59
2017 2967 2049 2998 et

359 3058 424 3089 678
445 3056 456 3098 ΙΙ
476 3059 519 3089 ‘28
547 3030 711 3090 lauin¹um
737 3057 769 3090 L
789 3058 800 3101 ΙΙ
820 3055 990 3102 Lavinia]
1017 3054 1143 3089 lauina
1166 3046 1201 3089 Β
1221 3055 1232 3099 ΙΙ
1252 3059 1294 3089 ’29
1321 3055 1478 3099 legenda
1503 3056 1548 3090 H
