2204 3437
362 928 404 959 10

363 1284 405 1314 15

362 1640 407 1670 20

366 1996 409 2025 25

428 172 514 214 632
1193 165 1351 201 SERVH

546 280 642 321 527.
694 290 782 320 CEv
810 289 951 320 SAEPE
983 288 1152 318 REFIXA
1184 274 1349 328 poetice
1381 272 1489 314 dixit
1521 271 1751 313 secundum
1783 270 1998 324 publicam
2030 269 2121 323 opi-

429 352 618 392 nionem:
663 365 763 391 nam
800 351 848 390 ut
885 347 1106 389 Lucretius
1146 345 1215 399 <II
1249 345 1361 398 206>
1401 344 1521 397 dicit,
1565 345 1715 384 ventus
1761 342 1917 383 altiora
1960 343 2122 395 petenS,

430 421 669 463 aetherium
697 421 843 476 ignem
866 433 1008 461 secum
1034 419 1218 472 torquet,
1245 415 1317 469 qui
1337 417 1502 455 tractus
1522 413 1718 454 imitatur
1738 412 1887 454 ste'llas
1910 412 2118 453 cadentes.

522 493 642 543 529.
693 501 941 533 A'rrom‘rls
974 500 1129 530 Annus
1162 487 1343 536 intentis,
1377 485 1628 540 stupefactis
1660 499 1736 538 per
1767 483 1978 536 tonitrua,
2013 495 2120 536 quae

431 578 597 618 semper
628 563 858 605 cohaerent
891 560 1147 602 caelestibus
1181 558 1364 613 ignibus.

548 635 645 676 530.
694 645 783 675 NEC
809 643 1016 674 MAxmvs
1045 641 1174 673 OMEN
1202 640 1374 671 ABNVIT
1401 638 1579 668 AENEAS
1607 626 1827 680 amplexus
1854 627 1919 666 est
1952 626 1995 665 et
2026 638 2124 678 pro·

430 706 566 759 bavit,
598 720 685 747 non
706 704 935 746 secundum
962 715 1173 756 augurum
1199 700 1471 755 disciplinam
1499 698 1606 739 dixit
1633 696 1686 738 ad
1712 711 1756 738 se
1782 711 1867 737 non
1893 695 2123 750 pertinere:

429 792 529 818 nam
561 776 700 819 nostri
733 775 902 817 arbitrii
935 777 1000 815 est
1031 773 1125 814 visa
1156 771 1300 813 omnia
1331 770 1398 812 vel
1429 769 1675 824 inprobare,
1707 767 1776 809 vel
1807 767 2007 821 recipere.

549 848 647 889 533.
694 859 815 889 SVME
841 857 992 887 PATER
1023 843 1240 898 praecipe:
1272 857 1371 883 nam
1405 841 1583 882 verbum
1615 841 1681 880 est
1712 837 2125 889 iurisconsultorum,

432 934 514 974 quo
546 921 726 960 utuntur
759 918 955 973 quotiens
987 917 1180 971 legatum
1211 928 1297 955 non
1328 913 1380 954 ab
1412 911 1566 952 herede
1591 909 1851 964 †certamen
1877 908 2020 962 datur,
2051 907 2125 948 sed

432 994 497 1033 est
528 991 573 1032 in
605 988 854 1044 accipientis
889 987 1078 1028 arbitrio.

533 1062 646 1104 ⁴534.
694 1071 941 1103 EXSORTEM
974 1054 1189 1112 ἅκληρον,
1223 1056 1313 1097 sine
1347 1057 1473 1096 sorte.

550 1134 646 1175 535.
697 1142 925 1174 ANCHISAE
963 1140 1118 1171 MVNVS
1157 1127 1269 1182 quod
1309 1126 1480 1168 Cisseus
1519 1139 1593 1166 rex
1625 1123 1851 1175 Thraciae,
1896 1121 2125 1162 secundum

432 1205 673 1259 Vergilium
718 1206 841 1258 pater
884 1201 1102 1254 Hecubae,
1151 1202 1200 1241 ut
1242 1198 1309 1252 <X
1349 1198 1460 1251 705>
1506 1195 1700 1239 Cisseis
1750 1193 1930 1247 regina
1974 1192 2127 1233 Parin

433 1279 591 1330 creat,
625 1275 839 1316 Anchisae
872 1271 1100 1327 aliquando
1135 1271 1381 1312 donaverat.

551 1347 648 1389 536.
698 1355 952 1387 INPRESSVM
992 1353 1141 1384 SIGNIS
1179 1341 1372 1394 inpressa
1410 1339 1535 1392 signa
1571 1337 1819 1389 habentem,
1860 1335 1902 1376 id
1942 1336 2008 1375 est
2045 1348 2127 1374 em—

433 1418 635 1460 blemata.

552 1489 649 1530 539.
707 1503 908 1529 VIRJDANTI
934 1486 1079 1538 speeies
1104 1483 1321 1537 participii
1345 1482 1433 1523 sine
1457 1480 1566 1522 verbi
1590 1480 1761 1533 oriqtne,
1794 1477 1981 1530 temporis
2009 1489 2127 1530 prae-

433 1562 566 1602 sentis.

552 1632 649 1673 540.
699 1641 878 1671 PRIMVM
911 1640 1034 1670 ANTE
1068 1638 1223 1670 oMNEs
1262 1639 1394 1666 unum
1434 1625 1566 1664 vacat.
1700 1637 1899 1662 APPELLAT
1931 1618 1990 1659 vel
2021 1618 2129 1668 dicit,

433 1704 493 1744 vel
523 1703 697 1744 salutat:
747 1701 971 1743 Sallustius
1002 1698 1207 1753 Iuyurtha
1240 1697 1371 1751 (106,
1412 1696 1461 1749 1>
1493 1693 1754 1735 adveniens
1793 1691 1949 1733 Volux
1986 1703 2129 1743 quae-

434 1778 609 1816 storem
640 1772 870 1825 appellat.

553 1845 649 1886 541.
701 1860 896 1885 PRAELATO
928 1858 1084 1884 [NVJDJT
1112 1856 1258 1883 Hozvom
1290 1839 1335 1880 id
1363 1841 1420 1879 est
1449 1836 1679 1890 praelatum
1710 1834 1910 1875 honorem.

554 1914 650 1955 543.
702 1924 932 1955 PRoxnuvs
965 1914 1064 1966 post
1095 1910 1392 1964 Eurytionem.
1513 1917 1650 1948 Dorus
1684 1906 1736 1947 ad
1769 1906 1891 1947 dona.

554 1986 652 2026 544,
701 1996 946 2026 EXTREMVS
985 1982 1173 2025 ostendit
1211 1981 1288 2022 hos
1327 1995 1405 2021 sua
1435 1993 1612 2020 munera
1643 1977 1903 2031 percepisse,
1945 1974 2130 2016 Acesten

438 2071 536 2097 vero
570 2043 805 2109 sumpsisse
841 2055 1083 2109 praecipua.

533 2165 552 2195 ‘2
580 2162 709 2195 ventus
738 2187 745 2194 .
773 2188 780 2194 .
809 2188 815 2193 .
843 2159 1033 2205 cadentes]
1063 2169 1175 2193 exscr.
1203 2156 1285 2191 lsid.
1313 2167 1363 2190 or.
1390 2155 1440 2189 ΙΙΙ
1468 2159 1522 2198 70,
1546 2158 1566 2188 3

536 2260 551 2290 1
581 2268 705 2290 aarum
733 2254 766 2288 L
785 2256 796 2299 ΙΙ
817 2259 835 2288 2
864 2254 963 2299 nam]
993 2253 1192 2287 secundum
1219 2251 1302 2286 add.
1320 2250 1367 2284 M
1383 2251 1395 2295 ΙΙ
1413 2249 1470 2295 ut]
1497 2249 1558 2283 uel
1585 2246 1625 2282 F
1640 2249 1652 2292 ΙΙ
1671 2247 1765 2281 dixit
1789 2246 1822 2280 L
1841 2248 1853 2290 ΙΙ
1872 2250 1891 2280 3
1919 2246 2130 2280 aethereum

440 2328 478 2361 F
494 2330 505 2372 ss
524 2332 546 2362 4
572 2339 664 2371 quae
691 2325 912 2361 caelestibus
938 2325 1085 2370 ignibus
1112 2334 1256 2367 semper
1283 2320 1482 2356 cohaerent
1501 2319 1549 2353 M
1562 2320 1574 2363 ΙΙ
1595 2322 1614 2353 5
1641 2329 1785 2362 semper
1809 2327 1875 2351 om.
1892 2315 1931 2350 F
1946 2317 1958 2360 ΙΙ
1978 2320 1998 2350 6
2020 2315 2129 2360 oin-m]

441 2388 554 2410 NVMEN
581 2375 614 2409 L
642 2376 653 2419 ΙΙ
687 2378 704 2408 7
732 2385 805 2407 non
831 2373 1031 2406 NLHM:
1056 2383 1141 2405 nam
1170 2370 1209 2405 F
1230 2371 1242 2414 ΙΙ
1271 2368 1465 2413 augurium
1493 2367 1531 2401 F
1553 2367 1565 2410 ΙΙ
1591 2377 1628 2400 se
1655 2376 1719 2400 om.
1748 2365 1781 2398 L
1806 2366 1817 2408 ΙΙ
1848 2367 1868 2397 8
1895 2363 2018 2398 omina.
2043 2364 2096 2397 Im
2121 2363 2132 2407 Ἡ

440 2428 458 2456 9
486 2422 655 2467 praecipe
682 2421 785 2454 NH:
810 2421 958 2464 percipe
984 2419 1113 2453 FLM
1125 2420 1148 2462 137
1173 2421 1227 2461 (cr
1251 2418 1292 2451 in
1318 2427 1387 2450 ras.
1410 2416 1435 2458 Z)
1463 2416 1474 2459 ΙΙ
1499 2412 1843 2448 iuriaconsultorem
1869 2411 1913 2445 H
1933 2412 1944 2455 ΙΙ
1977 2414 2018 2444 10
2045 2421 2131 2454 quo-

440 2470 534 2504 tiens
560 2470 727 2514 legatum
753 2479 827 2501 non
852 2468 899 2501 ab
925 2467 1059 2501 herede
1086 2467 1193 2500 datur
1219 2463 1307 2498 FM
1351 2462 1518 2506 quotiens
1543 2461 1707 2505 legatum
1733 2459 1870 2493 habere
1897 2458 2132 2492 decertamen

440 2518 549 2551 datur
581 2516 685 2561 (alibi
712 2514 853 2549 sinendi
880 2514 988 2548 modo
1015 2514 1123 2548 (latur
1149 2514 1186 2547 'in
1214 2522 1326 2555 inam.
1353 2510 1428 2545 ead.
1458 2511 1566 2552 man.)
1591 2508 1635 2541 N
1674 2506 1843 2551 quotiens
1869 2505 2034 2549 legatum
2058 2515 2133 2538 non

440 2586 581 2622 sinendi
613 2586 723 2620 modo
756 2585 864 2619 datur
897 2585 1034 2619 habere
1061 2584 1105 2618 de
1139 2584 1324 2617 certamen
1357 2580 1467 2614 datur
1498 2579 1531 2613 L
1575 2577 1745 2622 quotiens
1778 2577 1942 2621 legatum
1977 2586 2049 2610 non
2085 2575 2132 2609 ab

440 2658 575 2693 herede
602 2659 788 2692 certamen
815 2656 924 2690 datur
950 2654 1040 2689 alibi
1067 2652 1211 2688 sinendi
1236 2652 1345 2687 modo
1372 2651 1481 2685 datur
1500 2649 1549 2684 H.
1576 2650 1660 2692 fort.
1681 2648 1851 2693 quotiens
1876 2647 2041 2692 legatum
2061 2657 2133 2680 non

441 2707 487 2740 ab
514 2705 647 2739 herede
674 2715 692 2739 e
719 2704 940 2738 testamento
966 2702 1084 2736 datur.
1124 2702 1168 2743 cs.
1190 2700 1285 2734 Rem
1309 2699 1430 2733 Roem.
1455 2697 1616 2731 Privatr.
1634 2707 1673 2740 p.
1690 2700 1754 2730 381
1775 2696 1788 2739 ΙΙ
1807 2695 1870 2730 sed
1896 2696 1953 2728 est
1976 2693 2013 2727 in
2039 2692 2133 2727 acci-

440 2753 575 2798 pientis
608 2751 760 2786 arbitrio
788 2750 888 2784 FN:
925 2749 988 2784 sed
1014 2760 1057 2783 ex
1089 2749 1125 2792 (x
1151 2748 1191 2781 *tn
1216 2757 1287 2781 ms.
1315 2747 1339 2790 l)
1372 2744 1587 2789 accipientis
1621 2742 1773 2778 arbitrio
1799 2742 1833 2776 L
1871 2741 1934 2776 sed
1959 2742 2015 2775 est
2039 2739 2132 2774 acci-

441 2800 576 2845 pientis
603 2798 755 2833 arbitrio
777 2798 816 2831 H
846 2797 910 2832 sed
925 2795 993 2842 ΛΜ
1010 2794 1226 2840 accipientis
1253 2792 1404 2828 arbitrio
1430 2792 1467 2826 id
1494 2793 1551 2826 est
1575 2788 1838 2825 uindicationis
1863 2788 1924 2823 uel
1949 2786 2132 2832 opinionis

442 2848 549 2891 (duae
573 2847 626 2880 vel
652 2850 721 2879 tres
747 2846 886 2879 litterae
910 2843 1070 2878 radendo
1096 2843 1226 2876 (teletae
1251 2841 1349 2884 sant)
1372 2839 1420 2873 M
1454 2838 1493 2872 id
1519 2839 1575 2872 est
1599 2837 1866 2872 uindicationes
1886 2835 1947 2869 uel
1973 2833 2133 2878 optionis

442 2896 520 2938 (sic)
542 2894 685 2938 primus
705 2893 817 2926 edidit
839 2891 1044 2925 Masvz'eius
1062 2890 1074 2933 ΙΙ
1096 2893 1136 2923 12
1158 2899 1316 2922 ‹tmepox
1337 2886 1376 2920 F
1405 2897 1566 2920 axanpox
1586 2885 1629 2919 N
1658 2897 1810 2918 Aminios
1836 2882 1874 2917 id
1900 2883 1956 2916 est
1974 2882 2014 2915 in
2033 2882 2132 2915 raa!

443 2942 590 2975 aelel-on
618 2940 665 2974 M
682 2942 694 2983 ΙΙ
721 2943 764 2973 14
790 2939 939 2983 Cisseis]
967 2937 1112 2972 scissets
1138 2936 1178 2970 H
1215 2934 1362 2969 cissaeis
1391 2934 1438 2967 M
1455 2935 1466 2977 ΙΙ
1493 2937 1536 2966 16
1563 2932 1773 2966 enblemata
1798 2929 1837 2964 F
1852 2931 1864 2974 ΙΙ
1891 2932 1933 2963 18
1959 2929 2131 2962 scholium

444 2990 491 3022 cul
517 2987 691 3022 viridanti
717 2987 830 3020 edidit
855 2986 1058 3029 Stephanus
1076 2986 1088 3028 ΙΙ
1114 2982 1300 3028 praesenti
1326 2981 1365 3014 F
1381 2982 1393 3025 ss
1418 2984 1462 3014 20
1488 2991 1601 3014 unum
1626 2978 1750 3023 vacat]
1776 2977 1814 3011 id
1841 2978 1897 3010 est
1922 2987 2034 3009 unum
2060 2974 2100 3008 F
2121 2976 2123 3016 ἶ

442 3036 577 3069 scholia
603 3035 650 3069 ad
682 3033 848 3077 appellat
879 3037 909 3067 et
935 3033 984 3067 ad
1008 3031 1174 3076 praelato
1200 3028 1333 3063 invidit
1357 3027 1487 3062 honori
1513 3027 1625 3061 edidit
1651 3026 1855 3069 Stephanus
1891 3025 1901 3067 ΙΙ
1940 3026 1982 3056 21
2010 3022 2131 3057 Volux

444 3082 641 3116 adveniens
667 3081 865 3116 Sallustius
901 3078 1102 3114 adueniens
1128 3077 1237 3112 uelox
1263 3075 1393 3119 F1124
1418 3075 1553 3109 scholia
1578 3074 1627 3108 ad
1650 3084 1681 3107 v.
1709 3075 1777 3106 543
1803 3081 1867 3106 om.
1895 3070 2024 3114 F1125
2050 3079 2129 3114 per-

445 3129 575 3173 cipisse
603 3129 646 3162 H
