2204 3437
397 600 417 631 ει

377 954 419 985 10

377 1665 421 1695 20

448 199 528 241 116
1214 199 1373 234 SERVII

443 309 490 350 de
525 322 634 350 more
675 311 893 351 venantmn.
935 309 1093 350 seilicet,
1213 319 1419 350 HABILEM
1465 308 1612 361 aptum
1657 306 1787 347 sexui.
1849 304 2140 358 unusquisque

444 379 557 421 enim
590 393 736 421 arcum
767 379 899 420 habet
928 394 1005 434 pro
1039 379 1200 421 viribus
1228 379 1327 420 suis.
1455 394 1649 420 VENATRIX
1677 376 1826 418 similis
1856 376 2068 429 venam-ici,
2099 375 2144 416 id

427 452 500 508 vest}
523 450 644 502 quasi
668 451 870 500 venatrioe,
902 453 947 490 ut
971 453 1021 491 at
1050 451 1234 492 medias
1264 451 1394 490 inim·
1425 448 1589 489 caedes
1620 446 2058 488 eoeultasstAnmzon.

445 531 606 562 COMAM
633 532 933 562 DIFFVNDERE
967 520 1363 576 utdiffunderetur.
1416 518 1578 559 Graeca
1610 519 1753 559 autem
1783 517 1923 571 figura
1955 519 2031 557 est.
2082 515 2142 557 sic

445 591 550 632 alibi
577 594 626 632 et
653 591 857 646 argenti
890 605 1121 646 magnum
1153 591 1238 633 dat
1270 590 1402 631 ferre
1435 589 1688 630 talentum
1719 591 1756 629 et
1787 591 1835 629 tu
1866 588 1954 629 (las
1985 587 2143 640 epulis

444 662 718 703 accumbere
758 663 946 704 divum:
990 663 1100 704 unde
1145 661 1220 703 ‘da
1251 659 1419 703 bibere'
1464 675 1565 701 usus
1605 659 1808 712 obtinuit,
1854 658 1966 712 quod
2002 658 2143 699 facere

443 747 529 774 non
561 732 782 788 debemus,
814 748 865 775 ne
897 733 979 774 duo
1012 733 1142 774 verba
1174 733 1420 787 iungamiis,
1451 731 1536 772 nisi
1567 731 1611 772 in
1642 732 1850 784 poemate.

562 804 659 846 320.
709 816 837 846 NVDA
870 816 994 846 GENV
1026 803 1186 845 nudum
1219 816 1331 858 genu
1362 802 1544 856 habens,
1577 803 1624 842 ut
1657 800 1694 841 si
1724 799 1840 841 dicas
1873 798 2025 840 ‘bonus
2059 798 2144 841 ani-

444 874 589 916 mum'.
653 877 695 916 et
733 877 797 916 est
829 874 991 916 Graeca
1029 875 1184 930 figura,
1229 874 1301 915 sed
1343 888 1430 915 non
1468 887 1517 914 ea
1555 886 1682 926 quam
1719 870 1901 912 diximus
1939 869 2032 911 fieri
2068 884 2145 923 per

444 946 721 1000 participium
761 946 984 1000 praeteriti
1025 945 1232 999 temporis
1272 947 1315 985 et
1353 959 1497 985 casum
1538 941 1846 995 accusativum3
1888 941 1995 982 haec
2032 940 2144 981 enim

445 1031 521 1070 per
546 1030 702 1057 nomen
729 1016 795 1057 fit:
830 1016 1025 1070 quamvis
1053 1015 1106 1057 ad
1135 1030 1264 1057 unam
1291 1013 1650 1068 significationem
1675 1014 1906 1054 recurrant.
2016 1021 2144 1052 SINVS

448 1097 690 1128 COLLECTA
723 1088 769 1127 ut
802 1087 975 1128 oeulos
1008 1086 1223 1128 suffusa.

566 1159 663 1199 321.
712 1169 770 1200 AC
803 1169 942 1199 PRIOR
973 1157 1100 1212 paulo
1132 1159 1232 1211 post
1265 1155 1457 1210 sequitur
1489 1153 1670 1209 ‘inquit’.
1784 1165 1901 1196 HEVS
1932 1166 2044 1194 nunc
2075 1151 2145 1193 ad-

447 1228 641 1270 verbium
686 1229 876 1270 vocantis
923 1232 1005 1283 est,
1050 1228 1158 1270 alias
1202 1227 1444 1269 interiectio
1491 1225 1692 1280 dolentis,
1736 1228 1784 1267 ut
1826 1225 1947 1266 heus
1992 1225 2145 1265 etiam

448 1314 646 1341 mensas
681 1300 1040 1357 consumimus,
1071 1299 1238 1353 inquit
1270 1297 1423 1339 Iulus.

567 1370 663 1411 322.
708 1382 963 1412 ERRANTEM
989 1370 1340 1424 investigantem,
1365 1369 1461 1422 quia
1481 1370 1686 1409 vemtz‘ores
1705 1381 1796 1408 crum
1814 1366 2012 1419 vestzycmt
2029 1365 2147 1418 qnasi

446 1441 633 1482 videntur
663 1455 812 1482 errare.
938 1458 1117 1483 sonorem!
1144 1454 1228 1482 uon
1259 1443 1468 1492 tamquam
1499 1442 1596 1480 ποία
1626 1439 1680 1480 sit
1714 1439 1799 1480 villis
1835 1451 1967 1488 soror,
2005 1437 2074 1478 sed
2102 1438 2148 1476 ut

447 1515 505 1553 est
535 1512 581 1553 in
611 1513 904 1554 consuetudine.

566 1583 662 1625 323.
720 1594 1011 1626 SVCCINCTAM
1061 1583 1341 1636 instructam,
1384 1580 1451 1622 vel
1494 1582 1543 1621 ut
1588 1579 1663 1621 alii
1708 1578 1853 1621 dicunt
1893 1578 1937 1620 in
1976 1577 2145 1632 cingulo

447 1653 678 1695 habentem
722 1654 988 1709 pharetram,
1032 1657 1080 1695 ut
1124 1654 1326 1708 plerique.
1456 1661 1729 1693 MACVLOSAE
1768 1661 1934 1691 LYNCIS
1975 1648 2147 1702 epitheta

449 1724 576 1766 tribus
607 1726 738 1767 modis
760 1729 993 1780 ponuntur,
1025 1728 1099 1766 (cut
1130 1724 1330 1766 laudandi
1355 1726 1428 1764 cml}
1451 1721 1757 1763 (lemonstrcmcli
1782 1724 1854 1762 aut
1876 1719 2146 1773 vitupercmde'.

447 1795 511 1836 Ῐιῑέ
549 1795 816 1838 ‘maculosae’
856 1796 1160 1839 demonsmmdi
1191 1793 1284 1850 (est)
1322 1808 1430 1836 sane.
1491 1792 1658 1847 Lyncus
1700 1806 1773 1833 rex
1813 1790 2014 1845 Scythiae
2053 1789 2147 1843 fuit,

450 1866 523 1920 qui
564 1867 743 1908 missum
781 1883 805 1909 a
844 1866 995 1909 Cerere
1034 1865 1363 1920 Triptolemum,
1405 1866 1455 1905 ut
1490 1862 1739 1905 hominibus
1777 1861 1993 1903 frumenta
2031 1875 2147 1901 mon-

546 2000 562 2029 1
591 2008 746 2030 HABILEM
772 1996 900 2039 aptum
927 1995 1043 2040 sexui]
1078 1994 1121 2028 cf.
1148 1994 1241 2028 Don.
1269 1993 1316 2028 ad
1342 1993 1423 2027 Ter.
1451 2004 1534 2027 eun.
1560 1992 1593 2025 ΙΙ
1619 1995 1658 2033 3,
1685 1994 1730 2024 24
1760 1991 1772 2034 ΙΙ
1803 1994 1822 2024 3
1857 1990 1896 2023 at
1920 1988 2078 2033 medias]
2105 1988 2146 2022 A.

449 2042 499 2077 XI
528 2046 594 2077 648
625 2044 637 2087 ΙΙ
669 2047 689 2076 4
715 2053 849 2086 graeca
876 2043 1000 2076 autem
1027 2042 1144 2086 figura
1170 2042 1226 2075 est
1251 2051 1280 2075 e.
1303 2053 1335 2084 q.
1358 2040 1401 2086 s.]
1436 2040 1478 2074 cf.
1506 2040 1598 2073 Don.
1627 2038 1673 2072 ad
1700 2037 1782 2071 Ter.
1809 2036 1920 2071 Andr.
1947 2035 1999 2069 ΠΙ
2026 2040 2064 2078 2,
2091 2039 2112 2068 4
2137 2034 2149 2080 Η

452 2094 471 2123 5
499 2091 535 2124 et
562 2085 728 2134 argenti]
751 2091 792 2123 A.
819 2089 852 2122 V
879 2090 1037 2134 24811tu
1063 2089 1145 2134 das]
1172 2088 1213 2122 A.
1240 2089 1256 2122 I
1284 2089 1357 2130 7911
1387 2091 1428 2121 12
1457 2085 1597 2130 oculos]
1625 2086 1666 2120 A.
1695 2084 1710 2117 I
1737 2087 1804 2118 228
1830 2084 1841 2127 ΙΙ
1868 2087 1910 2117 13
1936 2083 2027 2117 heus
2052 2093 2148 2116 nunc
2200 2114 2204 2115 ⁷

450 2136 667 2171 adverbium
693 2135 859 2171 vocantis
886 2148 916 2171 ε.
944 2148 975 2179 q.
1005 2136 1047 2181 s.]
1079 2147 1190 2170 exscr.
1219 2134 1303 2168 Isid.
1332 2134 1405 2168 diff.
1433 2134 1532 2168 verb.
1562 2136 1626 2166 197
1647 2133 1658 2175 ΙΙ
1680 2135 1722 2165 14
1748 2131 1854 2174 heus]
1882 2130 1923 2164 A.
1952 2130 2018 2164 VII
2046 2133 2112 2163 116
2140 2129 2147 2171 l}
2202 2140 2204 2142 ·

453 2188 494 2217 16
524 2183 610 2227 quia
635 2186 829 2218 venatores
858 2211 864 2217 .
893 2211 899 2217 .
928 2212 934 2218 .
962 2183 1099 2228 errare]
1128 2183 1230 2216 Luct.
1258 2181 1358 2216 Plac.
1386 2181 1433 2215 ad
1460 2181 1551 2215 Stat.
1580 2179 1695 2213 Theb.
1722 2178 1771 2212 IV
1798 2173 1864 2212 323
1894 2178 1905 2221 ΙΙ
1934 2181 1977 2211 22
2004 2176 2148 2220 Lyncus
2200 2197 2204 2221 =

452 2242 481 2265 e.
509 2242 542 2274 q.
570 2231 617 2276 s.]
645 2242 757 2265 exscr.
784 2231 967 2274 mythogr.
993 2231 1009 2264 1
1036 2234 1078 2264 31
1107 2231 1145 2264 et
1168 2229 1271 2265 Luct.
1298 2228 1396 2263 Plac.
1425 2228 1473 2262 ad
1499 2227 1590 2262 Stat.
1618 2225 1733 2260 Theb.
1760 2225 1809 2258 IV
1838 2228 1904 2260 658

547 2354 567 2383 2
595 2347 822 2392 uenenatrici
849 2348 879 2382 C
901 2348 912 2392 ΙΙ
940 2352 959 2382 3
987 2347 1091 2392 quasi
1116 2346 1284 2381 venatrix
1310 2373 1317 2381 .
1345 2375 1351 2381 .
1382 2372 1388 2379 .
1415 2346 1580 2379 Amazon
1605 2355 1669 2378 om.
1700 2343 1730 2378 Ο
1752 2343 1805 2384 (in
1830 2352 1943 2386 marg).
1969 2341 2037 2384 inf.
2065 2341 2148 2375 add.
2198 2338 2204 2383 ζ

453 2396 510 2440 02)
530 2397 541 2440 ΙΙ
568 2400 586 2430 5
615 2398 651 2431 et
676 2396 803 2430 arcent
827 2395 1026 2439 imaginem
1055 2394 1126 2429 GP
1142 2395 1154 2439 ΙΙ
1182 2399 1200 2429 6
1229 2394 1413 2428 dadabere
1441 2392 1471 2426 C
1495 2391 1555 2436 (da
1580 2391 1706 2425 bibere
1735 2390 1791 2433 02)
1811 2391 1823 2434 11
1843 2387 2020 2433 obtinuit]
2046 2387 2148 2421 inue-

451 2444 507 2477 nit
534 2443 563 2477 G
599 2443 761 2488 optinuit
783 2443 829 2476 M
847 2443 858 2486 ΙΙ
876 2442 1011 2486 facere]
1040 2442 1161 2476 dicere
1187 2442 1307 2475 mcdz'm
1329 2442 1341 2484 ss
1362 2445 1379 2474 7
1407 2439 1468 2484 ne]
1496 2450 1568 2473 non
1594 2438 1635 2471 K
1651 2439 1662 2482 Η
1681 2437 1880 2481 iungantur
1906 2436 1954 2469 K.
1998 2436 2149 2478 fortasse

452 2491 521 2524 nisi
542 2491 579 2524 in
599 2491 781 2535 poemate,
807 2500 852 2523 ne
880 2489 951 2522 duo
979 2488 1091 2523 verba
1116 2488 1311 2532 iungamus
1330 2488 1341 2531 ΙΙ
1361 2490 1381 2520 8
1408 2487 1456 2520 acl
1475 2497 1505 2519 r.
1527 2489 1595 2519 320
1621 2485 1730 2518 Nuda
1750 2484 1861 2529 genu]
1888 2482 2027 2516 nudum
2053 2492 2149 2525 genu

452 2538 603 2571 habens.
659 2537 764 2571 Sinus
791 2535 964 2580 collecta]
998 2537 1040 2570 ut
1066 2536 1191 2569 oculos
1218 2534 1364 2568 suffusa.
1394 2534 1429 2567 P
1457 2533 1469 2576 ΙΙ
1501 2532 1547 2577 31]
1576 2531 1626 2566 310
1652 2532 1693 2564 Κ
1721 2532 1733 2575 ΙΙ
1763 2531 1898 2565 bonum
1926 2529 2089 2564 animum
2114 2528 2148 2561 B

454 2585 589 2618 bonum
609 2583 731 2618 animo
754 2583 783 2617 C
807 2583 937 2626 (bonus
959 2582 1122 2616 animum
1145 2582 1189 2616 0²
1203 2582 1255 2616 1συί
1272 2582 1328 2623 6¹³)
1348 2582 1359 2625 ΙΙ
1380 2584 1398 2614 9
1421 2591 1465 2614 ea
1485 2590 1577 2624 quae
1597 2578 1677 2612 fieri
1698 2588 1763 2622 per
1782 2576 2018 2621 participium
2044 2586 2148 2619 prae-

451 2631 553 2664 teriti
578 2631 755 2675 temporis
777 2631 815 2664 ct
834 2641 959 2664 casum
985 2629 1257 2663 accussatiuum
1284 2628 1403 2670 solent
1424 2627 1453 2661 G
1469 2628 1480 2671 ΙΙ
1500 2625 1657 2660 diximus
1677 2637 1742 2659 om.
1764 2625 1805 2657 K
1820 2625 1832 2668 ΙΙ
1854 2628 1893 2657 11
1915 2622 2064 2657 nomina
2084 2622 2118 2655 R
2140 2622 2147 2665 Η

455 2682 496 2711 13
524 2679 571 2712 ad
596 2689 625 2711 v.
655 2682 719 2711 321
751 2678 801 2710 Ac
827 2676 928 2720 prior
952 2676 1059 2721 heus]
1096 2676 1312 2710 aduerbium
1337 2673 1506 2709 uocantis
1533 2675 1606 2714 est,
1638 2672 1730 2706 alias
1755 2669 1964 2705 interiectio
1992 2668 2149 2704 dolentis

453 2726 519 2759 est.
564 2725 655 2759 heus
685 2754 689 2759 .
714 2755 720 2761 .
744 2751 749 2756 .
778 2724 876 2757 Iulus
905 2723 940 2756 P
957 2724 968 2767 ΙΙ
990 2727 1032 2757 14
1058 2724 1099 2756 ut
1125 2734 1189 2758 om.
1213 2722 1242 2756 C
1266 2722 1397 2766 (suppl.
1420 2721 1478 2764 02)
1497 2721 1509 2764 H
1530 2724 1571 2754 15
1599 2719 1729 2763 inquid
1756 2718 1841 2751 KH
1859 2719 1871 2761 ΙΙ
1894 2721 1934 2751 16
1961 2717 2009 2750 acl
2031 2727 2059 2751 v.
2081 2719 2147 2749 322

453 2772 663 2816 Errantem]
691 2770 976 2814 inuestigantern
1004 2770 1091 2813 quia
1116 2770 1309 2804 uenatores
1338 2796 1344 2802 .
1369 2798 1374 2803 .
1398 2795 1404 2801 .
1432 2778 1551 2802 errare
1577 2766 1761 2800 uidentur.
1791 2765 1826 2798 1>
1851 2766 1863 2809 ΙΙ
1894 2777 2046 2798 1110131113
2071 2762 2147 2807 ple—

452 2829 606 2863 rumque
646 2815 717 2852 duo
757 2817 903 2851 diuersa
939 2816 1115 2850 inunum
1150 2817 1286 2851 exitum
1324 2815 1494 2850 cadunt.
1522 2843 1530 2850 .
1558 2841 1564 2848 .
1598 2825 1641 2848 ex
1676 2812 1912 2857 responsione
1948 2809 2146 2853 colligitur.

454 2879 634 2900 nummum
661 2864 946 2908 inuestigantem
975 2863 1009 2898 G.
1049 2864 1092 2907 cf.
1121 2864 1169 2897 ad
1193 2875 1224 2898 v.
1252 2867 1319 2896 324
1345 2864 1356 2907 ΙΙ
1390 2866 1430 2896 17
1459 2872 1559 2895 soror
1585 2871 1627 2895 eac
1652 2871 1753 2894 sosor
1781 2858 1809 2893 0
1835 2859 1847 2902 ΙΙ
1881 2861 1922 2891 19
1950 2857 1998 2891 ced
2022 2868 2052 2890 v.
2081 2859 2146 2890 323

456 2912 704 2957 Suoeinetam]
737 2911 954 2945 instructam
981 2938 987 2944 .
1016 2938 1022 2944 .
1051 2939 1056 2945 .
1092 2911 1311 2954 pharetram.
1364 2909 1574 2943 Maculosae
1608 2906 1738 2951 lyncis]
1780 2905 1945 2950 epitheta
1977 2932 1983 2938 .
2012 2932 2018 2938 .
2047 2932 2053 2938 .
2088 2902 2148 2936 de-

455 2959 682 2994 monstrandi
709 2961 773 2993 cst.
826 2968 913 2991 sanc
940 2957 1084 3001 Lyncus
1113 2986 1118 2991 .
1147 2985 1153 2990 .
1183 2986 1189 2992 .
1217 2956 1311 2990 uarii
1337 2955 1480 2990 coloris,
1532 2954 1602 2988 crit
1627 2955 1751 2988 autem
1776 2950 2025 2986 noniinatiuus
2057 2950 2147 2983 haec
2184 2982 2189 2986 ,

454 3007 549 3049 lynx.
580 3007 615 3039 1)
643 3007 655 3050 n
686 3010 730 3040 20
758 3007 798 3039 ut
823 3004 1004 3049 plerique]
1041 3015 1107 3038 om..
1135 3004 1176 3037 II
1216 3006 1233 3036 f
1258 3003 1392 3047 pellem
1426 3002 1488 3036 sed
1523 3001 1660 3035 liabent
1692 3010 1866 3043 ευμεν-εον.
1893 3010 1927 3032 m
1954 2998 1990 3040 (i.
2018 3007 2044 3030 c.
2073 2996 2147 3030 alia

453 3055 637 3097 scriptura
662 3056 711 3087 est
736 3052 889 3096 pellem,
920 3051 983 3086 scd
1011 3051 1148 3085 habent
1173 3051 1394 3084 audiendum
1419 3052 1493 3091 est.)
1538 3049 1575 3081 et
1600 3047 1737 3091 pellem
1764 3046 1886 3080 onmia
1911 3045 2040 3088 quibus
2066 3046 2147 3077 utor
2184 3070 2194 3090 ·.

454 3101 674 3143 esemplaria
712 3101 883 3142 impressa
912 3102 1054 3141 praeter
1085 3098 1274 3132 Danielem
1312 3100 1341 3130 ct
1383 3096 1654 3136 Gommeliomm,
1689 3094 1752 3137 que?
1787 3092 1999 3127 Paris-inune
2037 3089 2148 3124 secuti

454 3150 547 3182 sunl.
574 3148 586 3190 ΙΙ
615 3151 657 3180 23
685 3146 853 3181 omnibus
880 3145 969 3178 Jx'II
1003 3145 1200 3189 (ominibus
1225 3145 1259 3187 11)
