2204 3437
551 202 702 238 COMM.
729 202 780 236 IN
805 200 946 236 VERG.
974 201 1084 235 AEN.
1111 200 1155 235 V.
1182 205 1378 236 739—772.
1719 198 1803 239 647

119 312 374 354 intrinsecus
413 312 663 366 iungebant,
702 313 744 351 et
782 309 957 351 incincti
994 309 1081 349 ritu
1113 307 1297 361 Gabino,
1337 308 1378 348 id
1417 310 1481 349 est
1519 310 1646 362 togae
1684 309 1806 359 parte

120 385 248 436 caput
279 382 427 435 velati,
464 384 585 436 parte
619 380 841 433 succincti,
878 379 1083 420 tenebant
1116 378 1270 419 stivam
1303 379 1538 431 incurvam,
1577 381 1624 418 ut
1657 377 1805 431 glebae

121 467 266 494 omnes
299 453 554 494 intrinsecus
587 451 804 504 caderent,
843 453 886 491 et
916 450 978 491 ita
1010 449 1127 490 sulco
1162 449 1286 489 ducto
1326 449 1417 490 loca
1451 463 1669 489 murorum
1701 447 1806 487 desi·

120 524 328 579 gnabant,
361 526 550 565 aratrum
584 521 890 576 suspendentes
924 521 1032 562 circa
1063 520 1156 561 loca
1188 521 1419 573 portarum.
1470 519 1579 560 unde
1612 521 1654 559 et
1685 518 1808 559 terri-

120 595 279 636 torium
312 594 471 636 dictum
504 596 569 636 est
602 593 723 647 quasi
753 592 1027 633 terriborium
1057 590 1208 631 tritum
1241 589 1378 630 bubus
1411 593 1454 630 et
1486 591 1641 631 aratro.

240 664 333 706 757.
385 676 570 705 GAVDET
598 675 754 705 REGNO
782 673 1012 704 TRorAst
1039 671 1236 703 ACESTES
1265 675 1358 700 suo:
1385 661 1554 701 nomine
1582 660 1694 700 enim
1721 659 1810 699 eius

120 735 260 776 fuerat
291 735 442 776 civitas
478 735 706 788 appellata.

240 805 334 846 758.
386 816 658 854 INDICITQVE
687 815 846 846 FORVM
878 803 920 844 id
947 806 1012 844 est
1037 804 1205 856 tempus
1233 802 1275 842 et
1300 800 1440 841 locum
1466 801 1662 856 designat
1688 814 1811 854 agen-

121 877 270 917 dorum
302 876 591 929 negotiorum,
624 875 696 929 qui
729 877 961 916 conventus
993 875 1181 914 vocatur.
1239 870 1430 912 ‘indicit’
1464 874 1602 912 autem
1636 871 1811 911 verbum

121 947 224 988 iuris
265 949 339 988 est.
402 949 444 987 et
482 961 556 1000 per
593 945 674 987 hoc
719 948 938 999 potentem
982 944 1074 985 vult
1118 941 1358 996 significare
1404 941 1633 983 civitatem.
1752 952 1810 981 ET

121 1028 344 1059 PATRIBVS
365 1029 457 1058 DAT
478 1028 588 1057 IVRA
608 1026 804 1057 VOCATIS
838 1015 912 1056 dat
943 1012 1152 1055 condendi
1181 1012 1286 1053 iuris
1318 1013 1576 1065 potestatem
1608 1011 1674 1052 his
1708 1025 1812 1064 quos

123 1089 416 1143 appellaverat
452 1090 617 1141 patres:
657 1089 731 1127 aut
769 1088 882 1127 certe
914 1084 1078 1126 vocatis
1116 1083 1311 1137 patribus
1350 1082 1443 1123 iura
1475 1082 1706 1123 distribuit.
1768 1081 1813 1121 hi

123 1162 283 1214 autem,
320 1162 367 1200 ut
405 1157 630 1200 Sallustius
670 1156 794 1210 dicit,
837 1156 916 1197 vel
955 1158 1127 1197 aetate
1165 1153 1244 1195 vel
1284 1168 1431 1194 curae
1471 1152 1814 1193 similitudine

123 1233 294 1285 patres
339 1228 595 1283 appellati
639 1230 767 1270 sunt.
830 1231 1050 1268 senatores
1094 1228 1237 1267 autem
1276 1224 1351 1266 alii
1390 1239 1414 1265 a
1454 1226 1624 1264 senecta
1662 1226 1815 1276 aetate⁷

123 1302 197 1343 alii
228 1317 253 1342 a
285 1301 460 1342 sinendo
493 1300 628 1341 dictos
661 1298 893 1352 accipiunt:
933 1297 1017 1351 ipsi
1050 1296 1160 1338 enim
1193 1294 1345 1350 agendi
1376 1293 1623 1335 facultatem
1656 1293 1815 1334 dabant

117 1386 194 1426 per
224 1374 387 1413 senatus
418 1371 611 1412 consulta.

244 1442 338 1484 759.
390 1459 553 1484 Emcm'o
582 1458 626 1483 [Ν
658 1458 817 1482 VERTICE
840 1440 958 1493 Eryx
983 1452 1098 1480 mons
1119 1438 1285 1479 Siciliae
1309 1450 1436 1489 supra
1456 1435 1716 1489 Drepanum,
1748 1435 1817 1476 ube?

124 1514 208 1566 fuit
238 1513 429 1566 templum
467 1512 632 1553 Veneri-s
662 1511 878 1564 Erycinae.

244 1584 340 1625 760.
389 1595 580 1624 IDALIAE
602 1581 795 1636 Cypriae.
881 1591 1114 1622 SACERDOS
1137 1579 1211 1620 alii
1232 1579 1283 1620 ad
1307 1579 1532 1633 tumulum,
1553 1578 1628 1619 alii
1648 1578 1815 1619 inverso

129 1655 276 1696 ordine
303 1654 355 1695 ad
382 1654 589 1708 templum
610 1653 819 1706 referunt,
845 1654 892 1693 ut
916 1651 1037 1692 lucus
1063 1652 1232 1691 tantum
1260 1650 1425 1691 tumulo
1447 1650 1569 1690 detur
1590 1649 1815 1701 Anchisae,

126 1729 173 1767 ut
215 1727 260 1767 in
304 1726 490 1767 bucolicis
533 1724 600 1778 <V
632 1724 717 1777 40>
761 1722 989 1763 inducite
1032 1721 1267 1762 fontibus
1312 1721 1513 1762 umbras
1558 1722 1815 1774 pastores:

126 1812 303 1839 nemora
335 1797 449 1838 enim
482 1795 689 1850 aptabant
722 1793 938 1848 sepulcris.

247 1868 341 1910 768.
391 1878 492 1909 VISA
525 1864 662 1907 MARIS
695 1876 856 1907 FACIEs
894 1866 942 1905 ut
979 1864 1080 1905 alibi
1110 1863 1251 1917 (848)
1284 1877 1423 1904 mene
1462 1862 1586 1904 salis
1625 1861 1816 1916 placidi

128 1940 335 1981 vultum.
396 1938 489 1979 vult
521 1940 663 1978 autem
694 1936 801 1977 istos
834 1938 1055 1989 aspectum
1087 1949 1254 1989 quoque
1287 1934 1417 1975 maris
1450 1933 1635 1974 horrere.

248 2010 342 2051 769.
392 2020 545 2050 FVGAE
578 2007 870 2062 profectionis.

249 2083 343 2123 772.
392 2091 529 2121 ERYCI
548 2091 608 2120 ET
630 2089 1007 2119 TEMPESTATIBVS
1039 2078 1145 2119 bene
1177 2075 1333 2117 iunxit:
1367 2075 1579 2130 procellae
1608 2075 1719 2115 enim
1747 2077 1819 2114 aut

223 2202 246 2232 4
271 2198 366 2232 unde
393 2197 431 2231 et
456 2225 463 2231 .
492 2224 499 2230 .
529 2225 534 2230 .
561 2195 701 2240 aratro]
729 2195 772 2229 cf.
802 2194 885 2228 Isid.
912 2204 963 2228 or.
990 2193 1074 2228 XIV
1101 2198 1133 2236 5,
1160 2198 1203 2227 22
1230 2195 1241 2236 11
1274 2196 1315 2225 12
1344 2191 1380 2225 hi
1407 2193 1529 2225 autem
1559 2218 1564 2224 .
1594 2220 1599 2226 .
1629 2219 1635 2225 .
1664 2191 1816 2235 dabant]

131 2257 243 2281 exscr.
270 2245 353 2279 Isid.
381 2255 432 2279 or.
457 2244 518 2287 IX,
545 2248 577 2286 4,
598 2248 618 2278 S
639 2246 676 2277 et
699 2244 771 2286 1011
793 2246 833 2275 13
861 2241 1074 2286 Sallustius]
1103 2240 1179 2275 Cat.
1207 2245 1239 2283 6,
1266 2244 1285 2273 6
1306 2241 1380 2283 1126
1407 2238 1590 2283 procellae
1618 2267 1624 2273 .
1648 2266 1653 2272 .
1677 2266 1683 2273 .
1710 2238 1816 2281 fiunt]

131 2304 244 2328 exscr.
272 2292 354 2326 Isid.
382 2303 432 2326 or.
458 2291 543 2326 XIII
572 2295 625 2334 11,
648 2294 691 2324 22

227 2404 243 2433 1
277 2397 511 2443 intrinsecus]
543 2396 581 2431 in
613 2396 760 2430 sinistra
791 2395 829 2428 F
870 2394 1088 2428 untriisecus
1115 2394 1158 2427 H
1197 2393 1242 2427 ad
1276 2392 1460 2426 sinistram
1491 2391 1708 2425 intrinsecus
1737 2391 1783 2423 M
1806 2403 1808 2434 1

130 2446 282 2482 incincti
307 2445 480 2479 NHMZ:
513 2444 624 2479 cincti
649 2443 725 2477 FL
761 2444 774 2487 11
809 2441 1019 2486 ritugabino
1046 2441 1100 2475 F.-
1131 2440 1204 2474 ritu
1236 2440 1363 2474 sauino
1389 2440 1431 2472 N
1467 2438 1540 2472 ritu
1573 2438 1700 2472 sabino
1727 2437 1814 2471 LM

130 2495 227 2529 libus
252 2493 361 2528 auino
388 2493 430 2526 H
450 2493 463 2536 11
492 2494 621 2536 trogae
648 2490 691 2524 H
710 2491 722 2534 11
753 2494 773 2524 2
800 2489 932 2533 capitis
959 2488 999 2523 F
1018 2490 1030 2533 11
1060 2487 1178 2522 uelati
1202 2499 1244 2521 esc
1270 2487 1393 2522 uelate
1419 2486 1453 2519 L
1470 2488 1492 2529 ,11
1524 2485 1675 2520 succinti
1702 2485 1785 2518 LH
1806 2501 1817 2529 1,

131 2540 338 2586 inem-uam]
367 2540 554 2583 obliquam
582 2538 621 2572 F
635 2539 647 2582 11
666 2542 686 2572 3
713 2537 959 2581 designabant
983 2546 1168 2569 murorum
1198 2534 1236 2568 F
1251 2536 1263 2579 11
1287 2538 1309 2567 4
1334 2533 1546 2568 territorum
1573 2533 1610 2565 ΙΙ
1629 2532 1640 2575 11
1666 2536 1685 2565 5
1711 2531 1815 2565 terri-

131 2589 276 2624 borium
302 2587 391 2621 NH
397 2588 441 2621 M
479 2585 738 2631 terribs'sorium
763 2585 797 2617 L
822 2584 860 2626 (b
886 2584 926 2617 in
950 2594 1021 2617 ras.
1044 2584 1068 2626 l)
1105 2582 1289 2616 tritorium
1317 2581 1355 2614 F
1392 2580 1620 2614 tauritorium
1650 2580 1817 2612 Isidorus

131 2635 370 2671 terribovium
398 2634 601 2678 *Stephanus
621 2637 652 2667 et
672 2631 881 2666 Fabricius.
919 2634 1042 2665 utrum
1065 2629 1274 2664 teritorium
1299 2629 1371 2662 sive
1396 2627 1596 2669 tritor-ium,
1623 2638 1673 2659 απ
1692 2627 1818 2669 potius

132 2683 353 2718 teribovium
385 2693 469 2716 vera
493 2682 541 2715 sit
566 2681 666 2715 lectio
691 2680 833 2713 dubitat
860 2678 965 2712 Gerh.
994 2677 1140 2713 Vossius
1164 2681 1265 2722 etym.
1293 2677 1378 2719 Ziny.
1406 2676 1466 2708 lat.
1492 2686 1526 2718 p.
1555 2678 1620 2707 517
1653 2674 1664 2716 ΙΙ
1703 2673 1817 2706 bobus

132 2731 222 2765 LM
239 2731 252 2775 11
271 2734 290 2764 6
311 2741 451 2764 GAVDET
477 2740 542 2763 om.
557 2725 739 2761 NLH’M
753 2727 764 2769 11
784 2725 863 2769 suo]
892 2725 959 2759 sub
985 2725 1051 2768 Fu
1071 2735 1152 2759 suo:
1180 2723 1342 2768 nomine]
1369 2732 1433 2755 suo
1462 2721 1616 2755 nomine.
1662 2721 1728 2754 sub
1755 2731 1816 2754 no-

133 2778 231 2812 mine
258 2777 354 2811 enim
381 2776 457 2810 eius
485 2787 510 2810 e.
538 2787 568 2819 q.
594 2786 620 2808 S.
649 2774 852 2817 Stephanus
870 2773 882 2816 11
908 2776 927 2807 8
954 2784 1167 2810 mnvcmovn
1192 2771 1234 2804 N
1248 2772 1260 2815 11
1280 2768 1463 2813 designat]
1492 2767 1722 2810 designificat
1744 2767 1784 2800 H

135 2825 305 2869 designat
330 2822 555 2867 agendorum
581 2820 830 2866 negotiorum]
864 2818 1205 2863 distinguendorum
1230 2817 1462 2861 negotiorum
1489 2815 1617 2849 definit
1645 2814 1682 2847 F
1723 2814 1817 2847 desi·

134 2883 250 2916 gnans
276 2870 500 2915 agendorum
526 2869 758 2912 negotiorum
784 2865 917 2901 desinit
944 2867 991 2900 M
1013 2868 1025 2910 11
1052 2870 1092 2899 12
1120 2865 1399 2909 appellauerant
1426 2862 1464 2895 1⁴⁷
1485 2864 1496 2905 11
1526 2866 1563 2894 13
1591 2861 1729 2904 autem}
1757 2863 1820 2894 ant

135 2919 225 2953 ΝΗ
240 2919 252 2963 11
282 2922 325 2951 14
351 2916 490 2961 aetate]
518 2917 559 2950 ut
584 2914 715 2949 Graeci
740 2914 937 2958 γερουσίαν
963 2913 1090 2947 dicunt
1115 2909 1188 2946 ἀπὸ
1216 2911 1279 2945 τοῦ
1308 2907 1426 2954 γήρως
1453 2910 1535 2942 add.
1557 2909 1594 2942 1)
1613 2910 1624 2951 11
1655 2912 1695 2941 15
1722 2908 1818 2941 enim

136 2977 201 3000 om.
228 2966 267 3000 F
289 2967 301 3010 11
332 2969 373 2999 16
399 2975 464 3008 per
490 2964 636 2997 senatus
663 2961 832 2996 consulta
855 2961 935 2994 hab.
965 2961 1008 2994 M
1048 2960 1216 2993 consulta
1240 2959 1385 2991 cramail
1411 2958 1451 2990 in
1479 2956 1523 2989 F.
1563 2957 1709 2989 senatus
1736 2966 1818 2989 con-

137 3013 273 3047 sultum
294 3011 450 3052 Daniel;
476 3011 567 3044 idem
593 3010 705 3044 edidit
726 3008 929 3051 Stephanus
948 3010 959 3051 11
982 3012 1021 3042 17
1044 3008 1091 3041 acl
1112 3005 1265 3050 Erycino
1292 3005 1328 3038 in
1350 3003 1485 3037 vertice
1510 3014 1608 3045 supr.
1633 3014 1716 3036 mse-s.
1744 3002 1817 3035 erix

137 3071 242 3094 mons
269 3060 325 3094 est
350 3058 489 3093 siciliae
515 3067 627 3101 supra
652 3056 853 3099 drepanum
884 3054 948 3096 ubi
981 3053 1124 3088 ueneris
1157 3053 1312 3087 ericinac
1340 3052 1394 3085 est
1424 3050 1614 3083 fundatum
1641 3048 1819 3093 templum

142 3107 200 3151 ΤΙΙ
224 3118 326 3141 mens
353 3106 391 3139 F
412 3107 424 3149 11
452 3108 492 3139 19
519 3103 681 3148 inverso]
708 3102 981 3136 1⁴'.Schoellius.·
1008 3112 1113 3135 verso
1139 3101 1225 3134 libri
1243 3100 1255 3143 11
1283 3103 1325 3132 22
1352 3096 1544 3142 sepulcris]
1571 3098 1613 3130 ut
1638 3096 1672 3130 in
1700 3107 1818 3130 amoe-

137 3153 254 3188 nitate
280 3153 425 3188 animae
451 3152 573 3186 forent
597 3156 683 3195 post
707 3149 821 3184 vitam
848 3150 930 3184 add.
958 3149 995 3183 D
1013 3149 1026 3192 11
1053 3152 1098 3181 24
1123 3148 1277 3191 aspectu
1303 3145 1345 3179 H

1840 949 1882 978 10

1841 1655 1885 1685 20
