2204 3437
287 912 329 942 10

290 1266 331 1296 15

357 156 441 196 654
1118 154 1275 189 SERVII

356 264 517 305 dictum
548 263 821 305 refutaretur.
918 274 1114 305 LABOR1S
1149 277 1197 303 ex
1230 263 1445 304 intuendis
1479 263 1700 304 sideribus.
1797 275 2049 307 PAVLISPER

355 335 426 377 7200
457 339 515 377 est
544 335 784 389 paululum,
818 334 917 375 dum
949 337 997 376 tu
1030 334 1223 389 quiescis.

428 406 441 412 ”
475 406 571 448 847.
621 417 699 447 le
720 416 990 447 ATTOLLENS
1011 417 1187 446 LVMINA
1215 407 1289 446 aut
1308 420 1333 446 a
1353 405 1561 446 sideribus
1583 420 1817 460 removens,
1843 409 1918 448 aut
1938 410 2051 450 certe

355 477 543 518 numinis
575 476 822 530 praesentia
853 478 1179 531 praegravatus:
1220 475 1330 530 quod
1364 478 1430 517 est
1461 476 1632 517 melius:
1664 491 1764 518 nam
1797 479 1840 518 et
1872 492 2050 532 sequens

357 548 446 588 eius
480 547 619 588 oratio
652 547 828 588 turbata
860 549 942 601 est,
980 546 1092 601 quod
1127 549 1169 587 et
1201 546 1462 600 semiplenae
1495 547 1687 588 indicant
1720 547 1993 589 elocutiones.

475 618 571 659 848.
621 629 813 658 VVLTVM
847 617 1200 671 mutabilitatem,
1243 631 1344 670 quae
1374 618 1423 671 fit
1460 632 1536 671 pro
1576 616 1783 672 qualitate
1815 621 2051 661 ventorum.

476 689 573 730 849.
623 699 753 730 IVBES
780 688 857 738 vis,
884 691 932 730 ut
956 687 1026 741 <II
1048 688 1102 741 3>
1122 687 1386 729 infandum
1421 688 1601 743 regina
1632 689 1775 730 iubes
1807 703 2051 731 renovare

356 759 597 801 dolorem.
689 771 814 800 MENE
836 770 947 800 HVIC
970 770 1229 801 OONFIDERE
1251 759 1498 801 MONSTRo?
1532 759 1733 800 subaudis
1761 759 1870 814 ‘vis',
1903 759 2053 802 ‘iubes'.

475 830 571 872 850.
621 841 809 871 AENEAN
850 842 1038 872 CREDAM
1077 842 1188 880 QVID
1227 842 1343 871 ENIM
1388 830 1770 884 percontrarium
1814 831 1930 872 dicit:
1981 846 2054 873 cur

357 903 546 942 Aeneam
580 916 661 942 non
696 901 964 942 committam
998 901 1115 942 caelo
1149 904 1191 942 et
1224 901 1338 942 auris
1371 900 1617 955 fallacibus,
1660 901 1731 956 qui
1770 916 1862 942 sum
1894 902 2052 944 totiens

357 972 602 1014 serenitatis
634 973 783 1014 fraude
816 972 1046 1026 deceptus?
1079 971 1205 1026 ‘quid
1238 971 1372 1013 enim'
1406 972 1507 1027 quid
1538 972 1613 1013 ni?
1647 986 1719 1013 cur
1749 972 1864 1014 non‘?

474 1043 570 1084 851.
620 1055 804 1084 FRAVDE
840 1055 1004 1085 SERENI
1038 1042 1304 1084 serenitatis:
1346 1046 1395 1084 ut
1427 1042 1494 1096 <II
1528 1043 1642 1096 427>
1683 1045 1731 1084 et
1770 1044 2052 1085 servantis-

357 1114 513 1155 simus
547 1115 708 1168 aequi.
770 1114 847 1155 alfia·
879 1114 1014 1167 {efflent
1045 1113 1243 1166 ‘deceptus
1271 1114 1420 1166 fraude
1451 1114 1552 1155 caeli·
1582 1113 1738 1155 sereni?

423 1212 425 1215 .
475 1184 570 1226 855.
622 1197 761 1235 VIQVE
806 1196 1082 1226 SOPORATVM
1129 1196 1294 1226 STYGIA
1339 1187 1477 1226 morte
1524 1185 1708 1239 plenum.
1836 1197 2051 1236 VTRAQVE

360 1267 577 1297 TEMPORA
609 1271 686 1309 pro
720 1255 969 1310 ‘utrumque
1002 1255 1206 1309 tempus’.

474 1327 569 1368 856.
621 1337 881 1367 CVNCTANTI
915 1327 1036 1381 quasi
1068 1326 1309 1368 reluctanti.
1419 1338 1657 1367 NATANTIA
1691 1327 1882 1368 errantia
1914 1327 2052 1368 somni

354 1390 587 1439 vicinitate.

474 1468 570 1510 858.
621 1479 715 1509 CVM
734 1479 888 1509 PVPPIS
910 1480 1058 1509 PARTE
1080 1469 1429 1522 prooeconomia:
1457 1471 1503 1510 ut
1523 1469 1663 1510 triduo
1684 1472 1834 1510 natare
1854 1470 2055 1524 potuerit.

474 1540 570 1581 862.
622 1551 787 1581 CVRRIT
809 1551 918 1580 ITER
944 1542 992 1580 ut
1012 1538 1159 1581 Cicero
1186 1539 1257 1580 ite
1284 1539 1365 1580 via
1377 1554 1435 1594 ni,
1462 1540 1629 1581 redite
1656 1540 1799 1582 viam.
1899 1552 2054 1581 TVTVM

359 1611 572 1665 praesidio
605 1609 808 1664 Neptuni.

475 1682 571 1722 864.
624 1693 826 1723 SIRENVM
861 1679 1030 1723 Sirenes
1071 1682 1302 1722 secundum
1340 1681 1531 1723 fabulam
1563 1684 1670 1736 tres,
1708 1684 1830 1736 parte
1863 1682 2052 1738 virgines

356 1753 544 1806 fuerunt,
583 1754 705 1807 parte
738 1752 951 1803 volucres,
991 1751 1172 1793 Acheloi
1204 1751 1392 1793 fluminis
1427 1755 1470 1794 et
1503 1751 1718 1806 Calliopes
1751 1766 1898 1794 musae
1930 1753 2054 1795 filiae.

356 1824 509 1864 harum
549 1837 632 1863 una
670 1837 791 1877 voce,
830 1823 964 1864 altera
1001 1822 1141 1873 tibiis,
1182 1822 1268 1863 alia
1298 1823 1402 1877 lyra
1435 1823 1632 1865 canebat:
1677 1826 1719 1865 et
1758 1824 1896 1878 primo
1934 1823 2054 1865 iuxta

356 1893 575 1947 Pelorum,
619 1896 717 1947 post
756 1894 798 1934 in
839 1892 1013 1947 Capreis
1052 1893 1200 1934 insulis
1240 1893 1562 1948 habitaverunt,
1610 1909 1718 1948 quae
1757 1894 1938 1936 inlectos
1978 1909 2052 1936 suo

452 2015 472 2045 6
501 2009 696 2044 ‘Vultum'
725 2009 1030 2054 mutabilitatem]
1065 2009 1109 2044 cf.
1137 2008 1222 2043 Isid.
1249 2008 1325 2042 diff.
1349 2010 1450 2044 verb.
1472 2013 1538 2044 589
1570 2011 1582 2053 Η
1621 2014 1662 2044 19
1691 2009 1832 2055 Cicero]
1868 2022 1934 2055 pro
1961 2011 2052 2045 Mur.

358 2058 425 2091 XII
447 2061 490 2091 26
509 2058 521 2101 ss
540 2061 583 2091 21
613 2057 756 2091 Sirenes
777 2068 806 2091 e.
827 2068 859 2100 q.
883 2057 926 2102 3.]
954 2067 1067 2091 exscr.
1094 2056 1279 2101 mythogr.
1307 2056 1323 2089 Ι
1343 2060 1399 2091 42.
1425 2056 1477 2090 ΙΙΙ
1499 2061 1554 2100 11,
1576 2061 1607 2092 9.
1640 2057 1725 2092 Isid.
1747 2069 1797 2092 or.
1819 2057 1868 2091 XI
1890 2062 1922 2102 3,
1943 2062 1987 2092 30
2002 2070 2053 2102 sq.

359 2104 403 2139 cf.
432 2105 615 2149 mythogr.
645 2104 678 2137 II
707 2108 770 2138 101

454 2215 470 2245 1
499 2210 738 2255 refutaretur]
771 2211 1002 2254 reputaretur
1029 2210 1061 2243 G
1105 2211 1294 2244 reueretur
1321 2209 1351 2244 Ο
1380 2212 1391 2255 ΙΙ
1429 2215 1448 2244 2
1476 2211 1546 2245 hoc
1579 2211 1635 2244 est
1665 2211 1744 2245 hab.
1775 2210 1804 2245 Ο
1832 2212 1843 2255 ΙΙ
1881 2210 2052 2255 quiescis]

358 2257 515 2301 quiescit
540 2257 579 2291 F
617 2256 734 2291 descis
762 2257 831 2301 ΗΙΙ
857 2261 876 2291 3
903 2269 1103 2291 ADTOLLENS
1132 2257 1263 2291 GKH
1279 2258 1290 2302 Η
1309 2269 1331 2292 a
1356 2269 1421 2292 om.
1450 2258 1482 2292 G
1501 2260 1512 2303 ΙΙ
1539 2262 1559 2291 4
1585 2260 1762 2302 grauatus
1790 2258 1820 2292 O
1856 2269 2054 2303 pergi-aua-

358 2307 417 2338 lus
444 2305 476 2338 L
507 2306 518 2348 ΙΙ
551 2309 569 2337 5
597 2304 690 2338 ratio
718 2304 750 2337 L
781 2305 792 2348 ΙΙ
825 2304 921 2347 quod
949 2304 1000 2349 et]
1028 2314 1138 2347 quem
1165 2304 1198 2338 G
1236 2316 1345 2348 quam
1373 2305 1404 2339 C
1430 2306 1442 2349 Η
1474 2304 1673 2346 semiplene
1702 2304 1735 2339 G
1774 2305 2000 2349 semiplaene
2028 2303 2058 2339 0

360 2352 559 2395 semiplene
587 2352 629 2385 H
644 2353 655 2395 ΙΙ
676 2356 695 2385 6
722 2361 814 2395 quae
841 2352 882 2385 fit
907 2351 985 2385 hab.
1005 2351 1043 2391 C,
1070 2352 1258 2385 ediderunt
1279 2353 1484 2395 Stephanus
1503 2355 1534 2386 et
1556 2351 1753 2386 Fabricius
1772 2353 1784 2396 ΙΙ
1803 2352 1884 2397 pro]
1911 2363 1976 2396 per
1997 2351 2027 2386 G
2044 2352 2055 2380 Ξῖ

359 2399 579 2441 qualitatem
608 2398 685 2432 GH
715 2399 726 2442 ΙΙ
764 2402 783 2432 8
811 2397 985 2432 subaudis
1011 2410 1074 2431 om.
1104 2398 1146 2431 H
1182 2399 1193 2442 ΙΙ
1233 2402 1251 2432 9
1279 2412 1364 2438 va
1391 2412 1473 2433 mm
1500 2410 1564 2433 om.
1597 2399 1689 2433 Lien
1719 2399 1731 2442 ΙΙ
1769 2398 1860 2433 dicit
1884 2399 1963 2433 hab.
1993 2398 2023 2433 C

362 2450 403 2479 10
430 2457 501 2479 non
529 2456 592 2479 om.
622 2446 654 2479 G
673 2447 684 2489 ΙΙ
703 2445 844 2480 tociens
872 2446 905 2478 L
925 2446 936 2489 Η
958 2449 996 2478 11
1026 2445 1063 2478 ni
1089 2455 1153 2478 cur
1177 2457 1249 2480 non
1275 2456 1339 2479 om.
1368 2446 1411 2479 Η
1425 2447 1437 2490 ll
1459 2450 1499 2480 13
1529 2445 1592 2480 alii
1621 2475 1626 2480 .
1650 2475 1656 2481 .
1681 2473 1687 2479 .
1715 2445 1833 2480 sereni
1858 2446 1940 2480 hab.
1963 2445 2054 2488 GM,

359 2494 547 2527 ediderunt
574 2494 779 2536 ,Stephanus
805 2496 835 2526 et
863 2492 1062 2526 Fabricius
1091 2493 1103 2536 ΙΙ
1143 2496 1183 2525 14
1216 2493 1353 2526 scholia
1378 2494 1426 2527 ad
1447 2492 1610 2536 Vtraque
1642 2494 1829 2536 tempora,
1864 2492 2054 2536 Natantia,

360 2539 451 2573 Cum
483 2540 618 2583 puppis
651 2541 772 2583 parte,
812 2539 964 2582 Tutum,
1004 2538 1189 2582 Sirenum,
1224 2540 1420 2574 Nocturnis
1452 2539 1546 2574 rexit
1577 2538 1613 2573 in
1645 2539 1769 2583 undis,
1806 2539 1900 2574 Casu
1933 2539 2052 2582 amici,

359 2586 497 2630 l'elago
531 2586 682 2629 confise,
720 2587 852 2630 Ignota
884 2587 925 2620 in
956 2586 1081 2620 (lea'tro
1112 2587 1172 2628 fol.
1205 2591 1289 2620 153a
1321 2588 1482 2631 margine
1506 2588 1643 2630 scripta
1669 2584 1892 2621 evanuerunt
1916 2587 1957 2620 in
1984 2586 2023 2620 F
2045 2587 2055 2631 ’.Ι

363 2637 403 2667 15
430 2633 513 2678 pro]
541 2645 606 2677 per
632 2634 728 2667 HM
757 2636 768 2677 Η
800 2635 953 2676 utroque
980 2634 1145 2677 tempore
1173 2634 1202 2667 Ο
1230 2635 1241 2677 Η
1280 2636 1322 2667 18
1348 2634 1511 2678 potuerit
1535 2645 1577 2667 em
1603 2634 1777 2677 potuerat
1801 2634 1844 2667 N
1883 2634 2055 2678 potuerat

359 2680 400 2713 Il
434 2682 446 2724 ΙΙ
489 2681 536 2714 ad
567 2692 597 2714 v.
632 2683 699 2714 856
740 2681 770 2714 is
802 2681 864 2724 qui
901 2681 1098 2714 tironianis
1137 2681 1229 2714 notis
1273 2692 1357 2714 usus
1397 2684 1445 2714 est
1488 2682 1526 2714 iu
1563 2691 1676 2725 marq.
1714 2680 1932 2715 Turonensis
1969 2681 2054 2715 haec

361 2728 572 2771 adscripsit:
605 2726 917 2771 prooechonornia
948 2726 986 2760 id
1019 2728 1073 2760 est
1103 2727 1421 2772 praedispensatio
1455 2738 1536 2761 cum
1570 2727 1661 2761 dicit
1694 2738 1777 2761 eum
1809 2739 1888 2762 cum
1923 2727 2053 2771 guber-

360 2775 493 2808 naculo
525 2775 730 2817 proiectum
763 2774 872 2808 fuisse
905 2774 939 2807 in
973 2773 1066 2807 mari
1093 2775 1169 2818 (qu.
1198 2777 1324 2817 mare).
1374 2774 1607 2819 ignoraretur
1641 2774 1738 2808 enim
1771 2774 1955 2818 quomodo
1988 2785 2054 2818 per

359 2822 434 2854 tres
467 2821 543 2855 dies
576 2821 613 2854 in
649 2821 743 2855 inari
774 2821 898 2855 uiuere
936 2821 1099 2865 potuerit
1136 2821 1205 2854 nisi
1243 2821 1485 2865 praemissum
1518 2822 1613 2855 esset
1646 2833 1727 2855 eum
1765 2821 2051 2865 gubernaculum

361 2879 482 2901 secum
514 2868 669 2902 traxisse
703 2868 761 2902 cui
791 2868 954 2902 natando
986 2868 1224 2902 incumbebat
1256 2869 1315 2902 uel
1349 2869 1458 2902 etiam
1486 2868 1685 2911 aliquando
1711 2868 1749 2902 in
1775 2879 1818 2902 eo
1845 2868 1972 2902 sedens
1999 2879 2051 2901 re-

362 2915 556 2957 pausabat.
606 2915 662 2948 his
687 2916 825 2949 similia
850 2919 934 2949 sunt
960 2926 1050 2959 quae
1075 2916 1180 2958 rulyo
1204 2919 1283 2958 post
1309 2915 1473 2959 potuerit
1498 2916 1654 2950 eduntur
1684 2926 1771 2949 nam
1801 2914 1872 2949 nisi
1904 2914 1963 2948 cui
1988 2914 2051 2948 ad-

361 2961 529 2995 haereret
555 2962 779 3004 (adhaeserit
803 2962 913 3004 Lion)
941 2963 1072 2996 natans
1102 2973 1167 3005 per
1198 2974 1316 3003 mare,
1349 2963 1508 3006 effugere
1541 2973 1614 2996 non
1647 2962 1829 3006 potuisset
1853 2961 2016 3005 pelagus.
2052 2963 2053 2988 ἒ

363 3012 403 3041 21
433 3009 499 3042 tris
529 3008 557 3043 C
573 3010 584 3053 ΙΙ
605 3013 647 3042 22
675 3009 818 3043 acheloi
840 3008 959 3043 CMI:
985 3008 1111 3043 aeaelo
1131 3009 1173 3042 N
1207 3009 1309 3042 aeolo
1329 3009 1410 3043 LII
1428 3010 1440 3054 ΙΙ
1460 3013 1504 3042 24
1525 3009 1665 3052 capreis
1686 3008 1790 3043 ΟΜΖ
1814 3009 1986 3052 mythogyr.
2009 3008 2053 3041 I:

364 3055 549 3098 caphereis
575 3056 706 3089 ΚΛΗ
741 3055 930 3100 caphareis
956 3056 1128 3099 mytleoyr.
1157 3055 1230 3089 III
1251 3057 1263 3099 ΙΙ
1283 3055 1409 3089 insulis
1435 3056 1514 3090 hab.
1545 3056 1629 3090 CM
1664 3055 1785 3089 insula
1811 3055 2017 3089 Masm'cz'us
2042 3055 2053 3100 2}

362 3100 570 3136 intellectus
598 3103 639 3136 H
