2204 3437
339 186 397 227 44
1105 180 1265 217 sERVH

342 310 423 336 non
457 295 568 336 enim
600 293 795 347 Iuppiter
836 291 1089 334 conciliatur
1121 289 1276 344 Aeolo,
1315 288 1387 330 sed
1420 286 1582 328 Aeolus
1613 286 1723 339 lovi,
1763 285 1885 341 quasi
1917 299 2036 339 supe-

340 365 456 406 riori.
518 364 802 406 conciliantur
835 365 979 403 autem
1010 361 1127 415 novi,
1159 358 1490 401 reconciliantur
1524 357 1701 411 antiqui.

461 435 526 476 79.
572 446 632 476 'rv
671 445 758 475 DAs
796 444 958 474 Ervms
997 442 1273 473 ACCVMBERE
1311 440 1460 470 mVVM
1497 428 1578 470 hoc
1616 430 1698 481 est,
1735 430 1783 469 tu
1814 441 1880 468 me
1913 426 2038 467 deum

342 506 458 547 facis.
519 505 678 559 duplici
712 503 825 545 enim
857 503 1024 544 ratione
1056 503 1222 544 divinos
1255 500 1440 542 honores
1473 514 1700 553 meremur,
1732 498 1909 539 dearum
1943 511 2037 538 con-

296 595 314 623 5
342 577 458 630 iugio
498 578 541 617 et
582 574 777 616 convivio
819 573 1005 614 deorum.
1066 572 1176 613 unde
1209 574 1251 613 et
1289 571 1334 612 in
1371 569 1577 612 bucolicis
1614 583 1704 610 nec
1746 568 1866 610 deus
1908 568 2038 608 hunc

343 661 529 700 mensa,
569 645 660 686 dea
696 658 788 685 nec
825 643 1037 698 dignata
1075 643 1236 684 cubili
1275 643 1362 683 est.
1482 654 1581 682 sane
1612 639 1761 693 ‘epulis
1792 636 2037 681 accumbere’

341 718 558 759 seeundum
588 716 654 757 sm·
686 715 874 767 temporis
910 714 1237 756 consuetudinem
1275 712 1402 761 diaria·
1443 725 1541 752 nam
1580 710 1677 752 olim
1713 711 1887 752 sedentes
1918 722 2037 751 vesce-

342 788 507 841 bantur,
538 788 642 829 sient
672 787 755 839 ipse
780 786 965 826 meminit
990 785 1340 838 ywamineoqne
1370 783 1504 824 viros
1536 782 1664 823 locat
1694 782 1796 834 ipse
1825 778 1974 823 sedili
2005 782 2041 820 ei

334 859 590 912 perpetuis
631 857 771 899 soliti
815 860 986 909 patres
1030 856 1279 897 considere
1321 854 1509 896 mensis.
1582 856 1619 894 et
1660 853 1773 906 affltd
1812 851 2041 893 Homerum

281 946 324 976 10
350 931 523 972 sedentes
553 929 613 970 dii
642 927 869 981 epulantur.

463 1000 530 1041 80.
573 1014 854 1045 NIMBORVMQVE
890 997 1075 1047 nubium,
1112 999 1159 1038 nt
1188 999 1230 1037 et
1261 996 1426 1038 lunam
1458 995 1510 1036 in
1546 994 1705 1036 nimbo
1743 1006 1837 1035 now
1870 993 2041 1034 intem-

338 1074 482 1124 pesta
514 1070 712 1111 tenebat.

465 1141 532 1183 81.
575 1151 698 1181 HAEC
729 1151 806 1181 VBI
839 1150 979 1180 DICTA
1014 1141 1056 1180 et
1088 1153 1112 1179 a
1136 1137 1299 1179 Iunone
1334 1140 1376 1178 et
1409 1137 1462 1178 ab
1492 1136 1640 1178 Aeolo.
1760 1139 1797 1177 et
1828 1133 1976 1176 ‘dieta'
2007 1134 2044 1175 si

347 1226 490 1254 nomen
521 1215 593 1266 est,
624 1211 747 1264 dedit,
784 1211 821 1252 si
852 1210 1140 1263 participium,
1179 1210 1283 1251 deest
1318 1211 1423 1250 sant.
1485 1211 1522 1249 et
1553 1207 1668 1249 ‘haee
1704 1206 1774 1248 nbi
1810 1203 1938 1248 dicta’
1963 1218 2044 1258 pro

278 1302 319 1331 15
340 1286 573 1336 postquam,
614 1281 846 1323 adverbium
878 1280 1000 1322 locale
1023 1293 1103 1332 pro
1136 1279 1358 1332 temporali.
1490 1289 1646 1320 CAVVM
1679 1276 1781 1318 ordo
1824 1278 1907 1330 est,
1948 1290 2044 1317 con-

346 1367 469 1394 versa
507 1352 678 1406 cuspide
718 1366 867 1392 cavum
906 1352 1095 1392 montem
1134 1349 1178 1390 in
1218 1349 1332 1390 latus
1371 1348 1539 1403 inpulit.
1603 1350 1644 1389 et
1676 1347 1783 1389 alibi
1823 1347 1874 1388 in
1905 1346 2044 1387 latus

346 1425 496 1478 inque
528 1423 625 1465 feri
658 1437 862 1464 curvam
905 1420 1238 1475 compagibus
1279 1419 1444 1461 alvum
1484 1418 1752 1461 contorsit.
1873 1417 1949 1458 alii
1981 1415 2046 1458 ein

347 1493 474 1536 Iatas'
499 1508 578 1547 pro
611 1494 719 1535 latas
750 1492 965 1545 accipiunt.
1026 1491 1194 1532 Ennius
1236 1504 1345 1531 nam
1385 1504 1453 1531 me
1485 1490 1657 1544 gyravis
1696 1490 1901 1542 impetus
1934 1487 2047 1529 Orci

340 1565 558 1618 pereutit
587 1565 639 1605 in
671 1563 812 1604 latas.
933 1574 1119 1603 INPVLIT
1152 1573 1199 1602 IN
1228 1562 1392 1612 LA'rvs]
1427 1560 1548 1614 quasi
1580 1560 1624 1601 iu
1656 1574 1747 1600 rem
1781 1572 1887 1613 quae
1920 1557 2046 1598 facile

278 1654 323 1683 ρο
352 1636 462 1678 cedit
493 1634 610 1676 ictui.

466 1706 531 1748 82.
582 1716 761 1746 AGMINE
807 1704 874 1745 vel
919 1703 1067 1758 inpetu
1108 1703 1175 1744 vel
1214 1702 1501 1744 multitudine.
1570 1715 1726 1756 agmen
1770 1700 1884 1742 enim
1927 1699 2049 1753 poly-

350 1792 490 1819 semus
524 1789 663 1817 sermo
697 1778 773 1816 est.
834 1789 933 1815 nam
971 1774 1166 1827 inpetum
1205 1773 1438 1827 significat,
1470 1775 1518 1814 ut
1557 1772 1641 1813 illi
1674 1771 1875 1826 agmine
1908 1772 2046 1811 certo

350 1848 642 1890 Laocoonta
673 1848 873 1899 petunt,
906 1844 1245 1898 multitudinem,
1277 1846 1325 1884 ut
1357 1844 1507 1885 vocat
1548 1843 1750 1898 agmina
1788 1856 1940 1883 saeva
1973 1855 2050 1882 so-

353 1933 528 1960 rorum.
580 1915 712 1957 etiam
744 1915 1009 1956 incedentem
1042 1914 1273 1955 exercitum
1305 1912 1502 1968 eagmen'
1536 1927 1748 1954 vocamus.

279 2007 322 2036 2,
468 1988 535 2030 83.
584 2003 656 2033 QVA
687 2003 787 2027 DATA
822 1989 858 2026 et
891 1986 933 2026 in
964 1985 1173 2026 undecimo
1205 1987 1373 2025 coeant
1410 1984 1461 2024 in
1495 1983 1693 2035 foedera
1729 1983 1927 2024 dextrae
1957 1997 2051 2035 qua

447 2120 466 2149 5
494 2115 530 2149 in
555 2113 747 2158 bucolicis]
776 2112 824 2146 IV
853 2116 895 2147 63
928 2113 939 2156 ΙΙ
966 2115 986 2145 8
1013 2111 1293 2156 gramineoque]
1322 2111 1363 2145 A.
1390 2110 1476 2144 VIII
1504 2114 1569 2144 176
1596 2111 1608 2154 ΙΙ
1634 2114 1652 2144 9
1680 2109 1885 2155 perpetuis]
1912 2110 1954 2143 A.
1983 2110 2049 2143 VII

357 2168 420 2198 176
452 2164 464 2206 ll
497 2166 537 2196 11
566 2163 603 2195 et
627 2160 769 2205 lunam]
797 2161 838 2193 A.
861 2160 910 2192 111
936 2161 1003 2192 587
1036 2161 1047 2203 ΙΙ
1079 2163 1121 2193 16
1149 2158 1186 2192 in
1212 2158 1324 2203 latus]
1352 2158 1394 2192 A.
1417 2158 1511 2191 1151
1544 2158 1556 2200 ΙΙ
1590 2161 1632 2191 18
1657 2156 1812 2201 Ennius]
1840 2157 1961 2191 annal.
1984 2156 2048 2190 rel.

353 2224 386 2255 p.
417 2214 459 2244 79
486 2209 593 2243 Vahl.
626 2209 638 2252 ΙΙ
669 2211 712 2241 22
738 2206 811 2252 illi]
838 2206 879 2240 A.
907 2206 940 2239 II
967 2210 1033 2239 212
1065 2207 1076 2250 ΙΙ
1108 2209 1151 2239 23
1178 2205 1301 2249 vocat]
1330 2205 1370 2238 A.
1398 2204 1448 2238 VI
1476 2208 1541 2238 572
1569 2206 1580 2248 ΙΙ
1611 2208 1654 2238 25
1681 2203 1719 2238 in
1744 2203 1954 2249 undecimo]
1983 2207 2051 2238 292

448 2333 467 2362 3
496 2328 543 2361 ad
562 2338 592 2361 v.
610 2330 652 2361 79
679 2325 734 2359 Tu
760 2325 824 2359 das
850 2324 967 2368 epulis
993 2323 1207 2358 accumbere
1234 2322 1375 2367 diuum]
1403 2322 1473 2357 hoc
1499 2323 1556 2356 cst
1581 2332 1639 2356 me
1665 2322 1773 2356 doum
1800 2321 1892 2356 facis
1913 2349 1919 2355 .
1937 2348 1968 2355 ..
1992 2333 2051 2355 cu-

355 2375 420 2410 bili
453 2376 516 2409 est.
564 2372 806 2417 Accumbere]
836 2372 954 2406 iacere
982 2370 1122 2414 (iecere.
1151 2382 1199 2404 an
1225 2370 1350 2404 sedere
1363 2371 1392 2414 22)
1418 2380 1519 2405 more
1546 2369 1708 2413 antiquo.
1738 2369 1774 2402 P
1791 2369 1802 2413 ΙΙ
1822 2372 1841 2403 5
1867 2367 1952 2403 inde
1978 2368 2019 2402 K
2042 2369 2051 2411 J}

354 2421 531 2457 bucolicis
557 2420 714 2465 legimus
741 2419 784 2453 de
811 2419 967 2462 augusto
996 2418 1122 2463 ME]
1155 2422 1173 2451 7
1201 2417 1257 2451 sui
1283 2417 1412 2451 addidi
1436 2417 1448 2460 ΙΙ
1478 2420 1517 2450 11
1547 2417 1595 2450 ad
1620 2428 1650 2449 v.
1673 2420 1716 2450 80
1745 2415 2051 2459 Nimborumque]

354 2469 505 2503 nubium
534 2496 540 2502 .
564 2495 569 2501 .
594 2495 599 2502 .
626 2466 787 2501 tenebat.
819 2466 854 2498 P
876 2466 888 2509 ΙΙ
917 2468 959 2498 13
986 2465 1034 2498 ad
1060 2476 1090 2498 «ιτ.
1112 2469 1154 2499 81
1182 2464 1282 2498 Haec
1308 2464 1371 2497 ubi
1396 2462 1511 2508 dicta]
1539 2464 1577 2496 et
1602 2474 1624 2496 a
1649 2463 1785 2497 Iunone
1813 2490 1819 2496 .
1844 2490 1850 2496 .
1873 2489 1880 2496 .
1908 2463 2050 2506 tempo-

354 2516 434 2550 rali.
486 2514 652 2558 impulit]
686 2513 792 2557 quasi
823 2512 860 2545 in
892 2522 969 2545 rem
1001 2522 1095 2554 quae
1126 2511 1236 2545 facile
1272 2510 1370 2545 cedit
1404 2510 1532 2554 (dedit)
1558 2509 1658 2544 ictui.
1688 2510 1724 2542 P
1751 2510 1763 2553 ΙΙ
1796 2513 1839 2543 14
1875 2510 1961 2543 sunt
1985 2519 2050 2543 om.

360 2564 393 2596 P
422 2564 434 2607 ΙΙ
465 2563 501 2596 et
525 2561 674 2605 scripsi.-
709 2560 769 2594 uel
798 2558 891 2593 0⁴⁶1)
919 2559 931 2602 ΙΙ
965 2562 1005 2592 15
1039 2558 1169 2592 uocale
1204 2558 1239 2591 1>
1268 2559 1280 2601 Η
1313 2561 1354 2591 17
1388 2556 1630 2601 cumpagibus
1661 2556 1740 2589 KL
1771 2557 1783 2600 ΙΙ
1815 2560 1856 2590 19
1889 2554 2054 2600 pertudit

366 2610 544 2643 Valelenus
573 2609 586 2652 ΙΙ
617 2620 756 2641 INPVLIT
784 2619 817 2639 m
844 2605 968 2650 LA‘rvs]
997 2617 1136 2639 ixrvm'r
1162 2605 1279 2648 *recepi
1304 2616 1347 2638 ea·
1375 2604 1427 2646 P,
1460 2616 1495 2638 m
1521 2616 1630 2637 LArvs
1656 2614 1699 2637 esc
1727 2602 1770 2645 G,
1802 2603 1865 2647 qui
1897 2603 1935 2636 et
1960 2602 2051 2636 bene

355 2657 393 2690 in
419 2656 516 2690 latus
535 2658 620 2699 post
645 2654 864 2687 Ennianum
888 2663 1027 2686 versam
1059 2652 1172 2685 addit.
1223 2651 1327 2695 quasi
1357 2679 1363 2685 .
1387 2679 1393 2685 .
1417 2679 1423 2685 .
1450 2650 1540 2685 ictui
1573 2651 1732 2684 lemmate
1762 2651 1907 2691 omisso,
1939 2649 1979 2683 id
2003 2651 2053 2683 est

351 2706 433 2747 post
464 2701 644 2737 contorsit
674 2701 803 2735 habent
834 2699 1013 2733 BKLM
1020 2698 1059 2732 E
1087 2699 1099 2742 ΙΙ
1131 2702 1173 2732 20
1209 2698 1321 2743 cedit]
1355 2699 1459 2742 patet
1491 2698 1529 2731 E
1560 2697 1634 2740 (uel
1671 2696 1770 2731 cedit
1799 2706 1974 2741 superscr.
2007 2707 2051 2730 m.

355 2752 435 2793 sec.)
454 2750 466 2794 ΙΙ
485 2753 527 2783 21
558 2749 605 2783 ad
631 2759 661 2782 v.
682 2751 725 2782 82
752 2746 925 2791 Agmine]
953 2745 1011 2779 uel
1037 2745 1179 2788 impetu
1204 2745 1264 2779 uel
1291 2744 1543 2787 multitudine,
1573 2755 1658 2778 nam
1684 2754 1817 2788 agmen
1843 2743 2052 2787 polysemus

357 2808 475 2831 sermo
503 2797 568 2830 est.
620 2806 703 2829 nam
730 2794 912 2838 impetum
944 2792 1144 2836 significat,
1172 2793 1212 2826 ut
1245 2791 1322 2825 ‘illi
1355 2791 1501 2836 agmine
1533 2793 1632 2826 certo
1660 2791 1874 2825 Laocoonta
1898 2789 2049 2834 petunt’

357 2846 394 2878 et
420 2844 489 2878 hoc
518 2843 648 2877 ‘uocat
673 2841 822 2884 agmina
849 2850 958 2873 saeua
985 2850 1145 2873 sororum
1161 2839 1190 2881 ’ς
1225 2851 1307 2872 nam
1335 2850 1408 2873 non
1435 2837 1711 2873 multitudinem
1738 2837 1943 2882 significat,
1970 2847 2050 2871 cum

357 2894 429 2924 tres
456 2890 529 2924 sint
554 2889 652 2924 filiae
679 2887 844 2922 Plutonis
876 2888 914 2920 et
939 2885 1088 2927 Noctis,
1121 2885 1252 2919 Alecto
1279 2886 1480 2929 Tisiphone
1507 2884 1730 2928 (thesipone)
1756 2885 1947 2928 Megaera,
1973 2882 2052 2926 (mi-

358 2939 483 2981 gaera)
509 2947 604 2980 quae
630 2936 768 2970 Parcae
795 2935 833 2968 et
852 2932 1073 2967 Eumenides
1094 2932 1280 2974 dicuntur,
1308 2933 1371 2966 sed
1396 2931 1586 2976 impetum.
1617 2932 1652 2964 P
1680 2932 1692 2975 ΙΙ
1723 2935 1766 2965 23
1789 2930 1969 2974 sororum]
1990 2929 2054 2963 sed

361 2983 492 3017 mirum
518 2994 581 3017 cur
606 2982 756 3027 agmina
781 2980 915 3015 dixerit
940 2991 1021 3014 cum
1048 2982 1123 3013 tres
1149 2978 1222 3012 sint
1246 2979 1315 3013 nisi
1340 2979 1434 3013 forte
1461 2978 1573 3012 etiam
1595 2977 1775 3021 impetum
1800 2977 1919 3011 voluit
1944 2976 2054 3010 simul

361 3030 552 3073 designare
579 3030 662 3064 add.
686 3028 732 3069 C,·
757 3038 848 3072 quae
872 3037 946 3061 non
970 3026 1102 3070 recepi,
1126 3036 1212 3059 nam
1238 3026 1285 3060 ad
1310 3026 1541 3068 refellendum
1568 3024 1687 3058 Servii
1709 3027 1956 3067 praeceptum,
1982 3033 2055 3056 non

362 3077 408 3110 ad
434 3076 581 3119 Veryilii
600 3077 708 3110 verba
728 3075 938 3110 enarranda
951 3074 1145 3117 pertinent.
1166 3073 1178 3115 ΙΙ
1197 3076 1240 3106 25
1262 3073 1309 3107 ad
1328 3084 1358 3108 11.
1380 3076 1423 3106 83
1446 3072 1526 3113 Qua
1545 3071 1648 3115 data]
1674 3070 1713 3104 id
1735 3072 1789 3105 est
1808 3068 2051 3114 percussione.

364 3122 519 3167 (pensio)
569 3123 694 3168 Porta]
723 3122 840 3157 omnis
867 3120 984 3156 exitus
1010 3119 1070 3155 uel
1095 3118 1268 3154 introitus
1295 3119 1430 3154 dieitur
1457 3129 1528 3162 qua
1553 3118 1677 3162 potest
1702 3117 1761 3152 uel
1787 3115 1966 3162 inportari
1992 3115 2053 3150 uel
