2204 3437
545 199 692 235 COMM.
722 201 772 235 IN
797 201 939 236 VERG.
965 202 1075 237 AEN.
1102 204 1128 236 Ι.
1157 207 1257 237 170-
1275 207 1352 239 176.
1743 207 1798 246 69
1835 178 1837 183 ¹

99 308 303 349 sentinam
335 309 626 359 laboravcrint;
666 323 766 350 nani
795 322 922 362 suffla
953 311 1015 350 ait
1053 324 1211 352 onincs
1251 311 1505 363 accipiunt
1542 313 1798 355 inimicum

99 378 306 421 imbrem.
367 393 464 420 sanc
493 381 661 421 marina
691 393 800 432 aqua
830 380 980 421 dicitur
1010 394 1140 422 exesse
1177 384 1214 422 et
1243 384 1458 423 extenuare
1494 385 1542 423 ut
1577 386 1705 424 cetera
1741 386 1798 426 sic

97 463 241 502 corpus
270 450 508 493 humanum.
629 469 675 493 mr
704 468 842 493 LITORE
863 465 943 504 pro
980 452 1026 492 in
1059 451 1172 501 litus,
1210 454 1257 492 ut
1293 466 1431 493 arma
1466 453 1552 494 sub
1591 455 1797 496 adversa

91 521 260 573 posuit
288 523 550 564 radiantia
580 536 757 576 quercu
779 536 860 575 pro
892 522 963 563 sub
995 523 1208 563 adversam
1239 537 1439 575 quercum.

218 592 310 634 174.
355 605 494 635 SILICI
527 605 807 635 SCINTILLAM
838 603 1047 634 EXCVDIT
1075 593 1182 634 bene
1210 593 1367 635 adiecit
1393 595 1595 649 speciem,
1623 596 1723 650 quia
1750 597 1793 638 in
1820 607 1839 637 5

93 662 306 716 lapidibus
340 664 466 705 certis
498 664 715 705 invenitur
746 664 870 718 ignis.
910 663 1122 705 ‘excudit'
1157 667 1302 706 autem
1335 668 1398 706 est
1430 666 1622 707 feriendo
1657 666 1794 721 eiecit,

94 733 194 787 quia
225 734 376 790 cudere
409 737 474 775 est
504 735 648 788 ferire3
680 735 790 776 unde
824 737 867 776 et
898 735 1018 775 incus
1051 735 1225 790 dicitur,
1259 736 1374 790 quod
1405 737 1496 778 illic
1528 737 1691 792 aliquid
1724 753 1792 780 cu-

92 803 260 858 damus,
290 806 333 847 id
367 810 432 848 est
461 807 680 848 feriamus.
783 818 993 849 ACHATES
1022 806 1181 847 adlusit
1208 806 1261 847 ad
1287 822 1459 857 nomen,
1491 823 1590 849 nam
1618 809 1791 850 achates

91 874 246 929 lapidis
280 877 440 930 species
475 879 557 918 est:
599 877 705 918 bene
745 890 847 931 ergo
885 876 1028 931 ipsum
1066 876 1170 917 dicit
1208 876 1355 931 ignem
1395 879 1619 920 excusisse.
1680 880 1792 921 unde

89 947 220 988 etiam
260 946 454 989 Achaten
494 947 582 988 eius
623 947 824 988 comitem
863 947 982 988 dixit.
1050 947 1210 988 lectum
1256 950 1320 988 est
1360 948 1474 989 enim
1518 948 1563 990 in
1600 951 1790 992 naturali
1818 960 1861 992 10

87 1017 269 1059 historia
300 1018 449 1071 Plinii,
482 1017 594 1072 quod
628 1017 665 1058 si
698 1018 791 1072 quis
825 1018 938 1059 hunc
970 1018 1158 1072 lapidem
1197 1018 1242 1058 in
1275 1018 1403 1060 anulo
1443 1019 1663 1074 habuerit,
1696 1035 1790 1076 gra-

86 1088 241 1130 tiosior
273 1091 347 1131 est.

208 1159 301 1200 175.
346 1171 568 1201 SVCCEPIT
601 1173 677 1213 pro
711 1159 920 1213 suscepit,
952 1162 999 1199 ut
1031 1159 1216 1200 diximus
1251 1174 1390 1214 supra.

207 1230 300 1271 176.
344 1246 595 1272 NVTRIMENTA
630 1229 766 1271 Cicero
809 1230 855 1270 in
902 1229 1071 1271 Oratore
1112 1231 1195 1272 scd
1235 1232 1359 1283 quod
1395 1232 1600 1273 educata
1642 1233 1788 1275 liuius

80 1302 403 1343 nutrimentis
458 1301 737 1353 eloquentia
792 1301 902 1354 ipsa
950 1315 996 1342 sc
1043 1305 1214 1353 postea
1263 1302 1461 1343 colorat.
1600 1316 1789 1346 RAPVIT·
1815 1316 1857 1345 15

82 1384 174 1422 QVE
226 1384 274 1413 IN
323 1384 495 1414 FOMITE
548 1384 779 1413 FLAMMAM
829 1387 966 1426 paene
1014 1372 1351 1426 soloecophanes
1404 1376 1485 1426 est3
1537 1389 1636 1416 nam
1687 1391 1784 1418 cum

80 1443 365 1484 mutationem
402 1444 581 1485 verbum
626 1443 857 1498 significet,
902 1443 1093 1484 ablativo
1135 1459 1238 1484 usus
1284 1446 1365 1484 est:
1411 1444 1484 1486 sed
1528 1445 1609 1486 hoc
1655 1447 1785 1488 solvit

79 1517 154 1556 aut
198 1514 375 1568 antiqua
413 1513 524 1555 circa
563 1529 809 1555 communes
844 1514 1185 1568 praepositiones
1229 1513 1421 1568 licentia,
1465 1519 1515 1557 ut
1553 1520 1618 1557 est
1662 1532 1783 1559 con-

79 1585 228 1626 ditus
284 1584 337 1625 in
391 1584 605 1638 nubem,
661 1587 809 1626 contra
865 1588 917 1625 et
972 1588 1104 1626 nota
1159 1585 1471 1627 conduntur
1524 1587 1578 1628 in
1638 1589 1781 1644 alvo,

77 1657 181 1697 item
233 1670 396 1696 saeva
446 1655 640 1696 sedens
693 1670 854 1709 super
905 1671 1050 1696 arma
1102 1658 1143 1696 et
1190 1656 1440 1710 geminae
1488 1672 1651 1712 super
1698 1675 1780 1700 ar·
1807 1670 1852 1700 20

75 1728 207 1768 bore
241 1727 441 1767 sidunt.
505 1725 652 1767 Cicero
695 1726 826 1780 quod
864 1726 956 1767 ille
995 1726 1046 1767 in
1085 1727 1254 1781 capite
1294 1728 1353 1770 ab
1392 1728 1621 1770 hostium
1659 1730 1780 1772 duce

174 1883 192 1913 1
221 1877 363 1924 omnes]
391 1878 433 1912 A.
451 1877 477 1910 ·1
505 1882 569 1911 122
590 1879 640 1922 {13
669 1878 786 1923 arma]
814 1879 855 1912 A.
884 1877 970 1911 VIII
998 1883 1064 1913 616
1084 1880 1096 1922 Η
1122 1883 1141 1913 6
1169 1879 1317 1913 excudit
1344 1908 1350 1913 .
1380 1908 1386 1914 .
1415 1908 1421 1914 .
1449 1879 1638 1927 feriamus]
1665 1893 1776 1918 exscr.

74 1926 284 1961 Priscianus
308 1925 341 1959 X
369 1929 411 1959 23
439 1926 467 1963 (Ι
493 1937 527 1969 p.
555 1928 640 1967 515,
669 1929 711 1959 22
738 1926 807 1969 H.).
845 1925 888 1960 cf.
922 1925 1005 1959 Isid.
1040 1937 1090 1960 or.
1124 1926 1208 1959 XIX
1235 1931 1272 1968 7,
1301 1931 1317 1961 1
1348 1928 1360 1970 ΙΙ
1392 1930 1436 1961 14
1469 1926 1596 1962 Cicero
1622 1928 1661 1962 in
1688 1928 1775 1964 Ora-

73 1974 168 2017 tore]
198 1977 252 2013 13,
280 1977 323 2006 42
355 1973 367 2015 ΙΙ
400 1976 442 2006 16
467 1983 585 2016 paene
611 1973 901 2017 soloecophanes
928 1984 957 2007 6.
979 1985 1014 2016 q.
1036 1974 1078 2018 s]
1109 1974 1152 2007 cf.
1182 1973 1281 2010 Serv,
1309 1985 1440 2009 comm.
1467 1975 1505 2008 in
1524 1975 1617 2010 Don.
1638 1987 1673 2020 p.
1695 1980 1774 2018 419,

73 2025 117 2054 30
143 2020 185 2054 Κ.
218 2021 229 2064 ΙΙ
262 2024 304 2054 19
333 2019 518 2065 conditus]
546 2030 670 2064 georg.
697 2020 713 2054 I
739 2024 806 2053 442
838 2021 850 2064 ΙΙ
881 2021 918 2054 et
943 2020 1047 2065 nota]
1075 2021 1116 2055 A.
1144 2021 1177 2054 II
1203 2024 1269 2055 401
1297 2022 1309 2065 ΙΙ
1335 2025 1379 2055 20
1406 2021 1532 2066 saeva]
1559 2023 1602 2056 A.
1628 2024 1644 2057 1
1672 2028 1738 2058 295

72 2067 257 2112 geminae]
284 2067 374 2101 Aen.
401 2067 453 2101 VI
477 2070 545 2101 203
577 2067 589 2111 ΙΙ
620 2071 663 2101 21
691 2066 835 2112 Cicero]
862 2067 901 2100 in
926 2067 1029 2102 Verr.
1056 2069 1126 2104 act.
1154 2068 1188 2102 Π
1213 2068 1278 2104 lib.
1305 2068 1337 2102 V
1363 2072 1382 2102 3

165 2214 185 2244 3
212 2221 342 2254 corpus
368 2220 411 2243 cac
437 2220 569 2253 cui-pus
597 2208 695 2253 0114
720 2209 804 2254 pro]
834 2221 857 2254 q
887 2209 922 2242 P
939 2210 950 2253 ΙΙ
970 2212 989 2243 5
1017 2210 1066 2244 ad
1090 2221 1120 2243 υ.
1144 2214 1211 2244 174
1232 2211 1284 2245 Α6
1310 2211 1470 2255 primum
1498 2239 1504 2245 .
1527 2240 1533 2246 .
1556 2241 1563 2247 .
1590 2212 1770 2258 Achates]

70 2258 162 2292 bene
188 2257 325 2291 adiecit
349 2256 511 2301 speciem
538 2285 544 2291 .
567 2284 574 2290 .
597 2285 604 2291 .
635 2256 811 2290 cudamus
843 2256 882 2290 id
914 2258 971 2291 est
1000 2256 1188 2292 feriamus.
1244 2257 1423 2303 Achates]
1458 2258 1596 2293 adlusit
1628 2260 1675 2293 ad
1707 2256 1771 2295 no'-

70 2315 156 2338 men
189 2333 196 2340 .
218 2332 253 2339 ..
287 2304 480 2338 excusisse.
517 2304 552 2336 P
581 2305 592 2347 ΙΙ
624 2316 727 2337 SILICI
762 2303 854 2338 KG:
894 2316 1017 2338 s1L101s
1049 2304 1283 2339 BLHMO2
1313 2306 1324 2349 ΙΙ
1356 2306 1444 2349 quia
1478 2334 1483 2340 .
1514 2336 1520 2341 .
1549 2335 1555 2340 .
1588 2306 1701 2352 ignis]
1732 2307 1771 2341 in

70 2351 179 2386 certis
205 2351 304 2385 enim
328 2350 514 2395 lapidibus
546 2350 642 2395 ignis
675 2352 731 2385 est
755 2351 790 2384 B
821 2352 832 2395 ΙΙ
865 2356 884 2386 6
918 2351 1027 2385 certis
1058 2352 1244 2396 lapidibus
1279 2353 1326 2385 M
1354 2354 1366 2396 ΙΙ
1397 2354 1520 2387 autem
1554 2356 1611 2387 est
1642 2365 1707 2389 om.
1738 2355 1773 2388 P

69 2400 125 2433 est
164 2409 229 2432 oin.
268 2399 312 2432 Η
337 2399 349 2441 11
379 2397 584 2432 inferiendo
623 2398 664 2431 K
703 2397 900 2433 efferiendo
938 2398 971 2431 L
1001 2400 1013 2442 ΙΙ
1044 2398 1153 2433 eiecit
1190 2400 1275 2432 LH
1310 2399 1509 2433 Vossianus
1541 2401 1769 2443 Burmanni,

71 2445 260 2480 Prisciani
279 2446 476 2479 Bcrnensis
500 2456 545 2478 m.
565 2456 649 2479 sca:
676 2444 777 2479 elicit
802 2445 997 2480 BKGMI
1022 2446 1110 2481 eicit
1130 2446 1317 2480 Leidcnsis
1337 2450 1368 2479 et
1387 2447 1524 2491 Rcyius
1543 2448 1767 2490 Burmanni,

70 2493 259 2527 Prisciani
283 2493 481 2526 Bernensis
506 2492 594 2526 iecit
624 2493 755 2536 reliqui
787 2493 872 2527 libri
901 2494 1089 2527 Prisciani
1120 2495 1131 2537 Η
1163 2497 1182 2527 8
1215 2493 1407 2540 feriamus]
1442 2494 1606 2528 feriendo
1639 2507 1768 2539 procu-

67 2539 197 2574 damus
222 2540 258 2573 B
290 2539 455 2574 feriendo
487 2539 732 2583 producamus
766 2540 815 2573 M
844 2544 875 2574 et
911 2541 1080 2574 Isidorus
1111 2542 1122 2585 ΙΙ
1154 2546 1173 2574 9
1207 2540 1389 2576 excusisse
1420 2541 1455 2574 B
1466 2541 1495 2575 G
1504 2542 1538 2574 P
1568 2542 1612 2583 cf.
1646 2543 1766 2577 Dioni.

63 2598 101 2630 p.
122 2591 202 2630 369,
224 2591 243 2621 2
264 2587 312 2622 K.
336 2587 452 2622 Prisc
474 2587 543 2630 lp.
559 2590 638 2629 515,
661 2590 702 2621 16
725 2587 773 2622 H.
783 2601 792 2621 :
813 2587 1013 2622 excussisse
1034 2588 1219 2622 KLHM
1236 2590 1247 2631 ΙΙ
1269 2592 1311 2621 10
1332 2589 1479 2622 achtem
1504 2589 1541 2621 J(
1557 2589 1568 2632 ΙΙ
1591 2593 1630 2623 11
1653 2590 1767 2633 plenii

66 2634 110 2668 K
136 2635 148 2678 ΙΙ
178 2634 366 2679 habuerit]
394 2634 531 2668 habeat
549 2634 585 2667 B
612 2635 659 2668 ad
686 2635 892 2669 custodiam
919 2635 997 2669 eius
1024 2635 1171 2679 proficit
1197 2637 1235 2669 et
1260 2636 1344 2669 add.
1368 2635 1414 2677 G,
1440 2637 1571 2679 quibus
1596 2637 1767 2671 turbatur

66 2682 248 2716 enuntiati
286 2682 533 2723 conformatio.
584 2682 629 2723 cf.
671 2681 772 2717 Plin.
811 2685 887 2716 nat.
920 2683 1000 2716 hist.
1040 2682 1213 2716 XXXVII
1253 2686 1318 2716 139
1344 2693 1414 2727 sqq.
1455 2686 1486 2716 et
1525 2684 1634 2717 b'alm.
1666 2684 1764 2717 I’Iin.

65 2729 205 2763 eaeercit.
229 2740 266 2772 p.
295 2732 338 2762 92
367 2729 378 2771 ΙΙ
413 2732 453 2762 12
480 2730 537 2763 est
561 2728 706 2762 KLH:
732 2739 796 2763 oin.
827 2728 858 2763 G
890 2740 966 2764 esse
993 2729 1164 2764 uideatur
1188 2729 1354 2763 BMC'ssl
1392 2741 1469 2764 esse
1497 2730 1678 2764 uideatur.
1706 2732 1765 2765 uel

65 2775 149 2810 ideo
176 2776 335 2810 Achates
361 2776 508 2810 Aeneae
540 2787 663 2810 comes
689 2775 840 2818 dicitur,
875 2777 962 2820 quia
995 2777 1206 2811 sollicitudo
1239 2788 1362 2811 comes
1396 2778 1452 2811 est
1482 2777 1647 2821 regibus3
1675 2774 1765 2821 ἄχος

66 2822 165 2856 6111111
192 2834 279 2857 cura
304 2822 440 2857 dicitur
465 2823 502 2856 et
528 2822 750 2858 sollicitudo.
777 2823 815 2856 D
834 2824 845 2867 ΙΙ
879 2828 920 2857 13
953 2824 995 2858 ut
1021 2835 1131 2867 supra
1157 2824 1297 2858 dictum
1323 2826 1380 2858 est
1404 2823 1544 2866 BOM,
1570 2825 1644 2857 nisi
1669 2826 1764 2868 quod

65 2869 161 2903 sicut
181 2870 236 2905 M.
264 2871 305 2904 ut
327 2869 484 2904 diximus
505 2869 672 2913 superius
698 2870 731 2903 L
749 2871 761 2914 ss
783 2874 825 2904 14
846 2872 893 2905 ad
912 2882 942 2905 v.
968 2875 1032 2905 176
1059 2871 1308 2906 Nutrimenta.
1344 2871 1555 2914 Rapuitque
1576 2870 1614 2904 in
1634 2870 1761 2905 fomite

64 2916 267 2962 flammam]
305 2928 422 2961 paene
454 2917 711 2960 solicophanes
742 2919 799 2952 est
824 2945 831 2951 .
854 2946 861 2952 .
883 2945 890 2951 .
924 2918 1132 2952 conduntur
1162 2918 1200 2952 in
1233 2918 1327 2952 aluo.
1379 2928 1465 2951 sane
1498 2917 1645 2951 fomites
1678 2920 1763 2952 sunt

66 2963 210 2998 assulae
238 2992 244 2999 .
267 2992 274 2999 .
296 2991 303 2998 .
330 2963 478 2999 nomine
505 2965 668 3007 excepto.
699 2964 734 2997 P
762 2965 774 3008 ΙΙ
805 2965 868 2999 sed
893 2965 991 3009 quod
1019 2965 1176 2999 educata
1203 2965 1385 2999 Ciceronis
1411 2965 1514 2997 libri.-
1548 2966 1585 2997 et
1609 2964 1673 3007 qui
1699 2965 1760 2999 de—

63 3010 175 3044 ducta
212 3010 243 3045 C
270 3013 281 3054 ΙΙ
314 3015 356 3045 15
394 3010 627 3045 nutrimentis
667 3011 848 3046 Ciceronis
885 3013 988 3047 libri:
1025 3012 1252 3046 nutrimenta
1291 3011 1321 3046 0
1347 3012 1359 3054 ss
1397 3011 1540 3045 colorat
1578 3010 1760 3046 Ciceronis

64 3057 167 3091 libri:
199 3057 380 3092 calorauit
412 3058 441 3092 O
469 3060 480 3101 ΙΙ
516 3062 555 3092 16
592 3058 858 3102 solycophanes
890 3058 967 3094 BC
1000 3060 1284 3103 soloetophanes
1312 3058 1350 3091 ’Κ
1387 3057 1643 3101 solicophanes
1671 3059 1761 3093 LM

65 3104 323 3149 solycophanis
349 3105 394 3139 H
418 3106 430 3149 ΙΙ
463 3108 504 3139 18
532 3105 669 3139 circum
695 3105 786 3139 KH
811 3110 823 3150 ΙΙ
853 3110 897 3140 21
933 3106 1021 3150 quid
1056 3106 1103 3139 M
1133 3107 1144 3149 ΙΙ
1176 3104 1298 3149 capite
1324 3116 1367 3139 cx
1393 3104 1540 3150 cappite
1567 3105 1601 3139 L
1633 3105 1671 3140 in
1697 3117 1757 3140 ca·

62 3151 131 3193 put
153 3161 324 3195 super-ser.
352 3153 364 3186 Z
393 3152 405 3196 ΙΙ
437 3152 572 3187 ostium
597 3152 639 3185 K
