2204 3437
377 195 462 236 624
1139 188 1299 224 SERVII

495 303 592 345 375.
642 311 776 342 TALIS
811 299 980 354 qualem
1013 297 1245 340 multitudo
1278 296 1545 351 loquebatur.

496 373 592 415 376.
645 382 877 414 OSTENDIT
910 370 1062 412 melius
1096 369 1274 411 dixisset
1306 365 1551 409 ‘ostentat'.

497 444 594 486 380.
644 452 840 484 ALACRIS
868 455 963 482 cum
991 439 1116 482 eacer'
1143 439 1301 493 ubique
1327 438 1458 491 dicat,
1484 435 1656 478 ‘alacer'
1682 438 1826 477 tamen
1846 450 1932 476 non
1958 434 2071 487 dicit,

380 516 480 557 licet
518 514 615 555 inde
659 514 878 554 nascatur:
923 512 1033 553 vitat
1073 511 1183 552 enim
1222 509 1536 551 confusionem:
1580 507 1691 549 unde
1728 510 1956 561 utrumque
1987 519 2073 546 non

336 598 355 628 5
382 586 473 627 vult
505 586 656 627 dicere.
703 598 804 625 nam
838 583 1007 625 ‘alacer'
1040 596 1268 636 nusquam,
1300 581 1507 621 etiterum
1539 577 1681 620 ‘aeris’
1714 592 1924 632 nusquam
1955 576 2074 617 dixit.

380 657 478 700 inde
511 659 577 698 est
608 656 719 711 quod
752 656 881 697 etiam
915 653 1105 709 pampini
1140 651 1371 706 supprimit
1403 664 1555 704 genus,
1588 649 1688 704 quia
1720 648 1951 689 dubitatur.

408 716 427 723 Ἢ
501 729 598 770 383.
650 738 690 768 SI
710 737 837 767 NEMO
859 737 1015 767 AVDET
1043 721 1145 778 ὅρος
1172 724 1332 777 βίαιοςε
1366 722 1694 777 argumentatur
1721 719 1833 760 enim
1860 733 1904 759 se
1930 732 2074 760 omnes

384 800 557 852 vicisse,
593 813 642 839 ex
675 812 724 839 eo
757 797 869 852 quod
902 797 953 838 ad
987 799 1200 837 certamen
1232 793 1376 834 nullus
1410 791 1583 833 accedit.

501 870 598 912 386.
649 880 795 910 REDDI
828 868 947 922 quasi
982 866 1127 907 debita
1157 864 1388 919 promissa,
1419 863 1520 917 quia
1552 862 1613 904 ait
1638 861 1782 915 <366>
1809 860 1984 903 ‘victori
2010 875 2078 902 ve-

316 952 357 983 10
383 943 519 984 latum
552 955 655 984 auro
688 940 893 994 vittisque
925 935 1178 980 iuvencum’.

503 1013 599 1055 387.
650 1023 728 1053 HIC
756 1021 922 1052 GRAVIS
949 1012 1061 1050 tunc.
1109 1006 1286 1062 ‘gravis'
1320 1008 1462 1047 autem
1496 1007 1636 1046 aetate
1668 1004 1734 1045 vel
1767 1002 2078 1057 obiurgatione.

398 1090 402 1092 ’
446 1095 674 1127 CASTIGAT
708 1084 906 1135 increpat,
939 1081 1150 1135 obiurgat.

504 1156 600 1197 388.
652 1166 774 1196 Touo
814 1163 1120 1195 CONSEDERAT
1159 1161 1343 1191 HERBAE
1384 1151 1448 1190 est
1486 1148 1661 1189 verbum
1701 1147 1750 1188 de
1789 1146 1936 1188 verbo:
1981 1159 2081 1186 nam

386 1225 550 1268 ‘torus'
583 1241 607 1267 a
639 1225 766 1267 tortis
799 1224 937 1265 dietus
971 1225 1036 1263 est
1065 1221 1222 1263 herbis.

320 1308 362 1338 15
508 1297 605 1338 389.
655 1307 862 1337 FRVSTRA
894 1295 996 1335 ordo
1030 1296 1112 1334 est:
1153 1294 1331 1333 tantane
1370 1291 1480 1332 dona
1517 1293 1606 1332 tam
1639 1290 1807 1343 patiens
1840 1289 1953 1329 sines
1985 1287 2083 1328 tolli

387 1367 576 1410 frustra?
627 1381 727 1408 sane
761 1366 997 1419 sciendum,
1033 1365 1146 1405 hunc
1178 1362 1407 1404 secundum
1440 1361 1683 1416 Hyginum,
1722 1361 1793 1415 qui
1826 1360 1875 1401 de
1909 1359 2083 1401 familiis

390 1439 588 1482 Troianis
621 1438 812 1492 scripsit,
844 1452 974 1478 unum
1001 1435 1286 1477 Troianorum
1318 1434 1469 1488 fuisse,
1501 1433 1551 1474 de
1582 1447 1665 1487 quo
1691 1431 1912 1485 Vergilius
1945 1432 2085 1471 mutat

389 1510 628 1552 historiam.

509 1581 605 1622 390.
657 1581 679 1604 '¹‘
697 1597 775 1622 TAM
799 1596 964 1621 PATIENS
996 1592 1071 1631 pro
1104 1576 1210 1619 ‘tam
1234 1577 1438 1630 patienter
1467 1574 1609 1617 sines'.
1623 1574 1647 1596 ÷÷

322 1663 366 1694 20
510 1652 608 1694 391.
659 1662 794 1693 NOBIS
827 1660 946 1690 DEvs
979 1660 1084 1689 ILLE
1118 1659 1352 1689 MAGISTER
1383 1644 1550 1688 tnobis'
1583 1659 1669 1686 non
1701 1646 1841 1686 vacat:
1872 1646 1920 1684 ut
1952 1641 2086 1684 Cicero

394 1724 478 1778 qui
505 1723 627 1764 mihi
655 1722 980 1764 accubantes:
1015 1720 1087 1761 sed
1112 1734 1188 1773 pro
1216 1717 1391 1760 ‘noster'
1419 1720 1483 1759 est
1507 1716 1696 1771 positum
1716 1714 1881 1757 vitandi
1907 1716 2088 1768 [propter

393 1796 722 1846 similitudinem]
755 1791 1092 1834 homoeoteleuti
1125 1805 1264 1832 causa.

512 1866 610 1907 394.
660 1876 768 1905 ILLE
803 1875 886 1905 svss
918 1874 1040 1904 HAEC
1073 1863 1147 1902 aut
1180 1860 1346 1902 statim:
1380 1863 1454 1900 aut
1485 1860 1585 1913 post
1615 1858 1730 1899 haec.

514 1936 611 1978 395.
662 1947 745 1977 SED
780 1946 895 1976 ENIM
929 1944 1131 1975 GELIDvs
1165 1931 1281 1973 aliud
1314 1930 1471 1985 pendet
1504 1945 1553 1971 ex
1588 1929 1689 1970 alio:
1730 1942 1858 1982 quare
1877 1925 2091 1968 ·‘hebet'?

328 2017 373 2047 25
402 2007 501 2062 quia
533 2006 700 2061 gelidus
733 2008 814 2046 est:
848 2019 978 2059 quare
1012 2002 1207 2058 gelidus?
1240 2002 1340 2056 quia
1372 2001 1496 2043 senis.

516 2078 612 2119 396.
662 2088 870 2118 EFFETAE
906 2075 1149 2116 exhaustae.
1197 2075 1239 2114 et
1271 2075 1336 2113 est
1367 2072 1594 2113 translatio
1627 2087 1651 2113 a
1683 2070 1953 2122 mulieribus,
1987 2083 2090 2123 quas

398 2150 596 2204 frequens
629 2151 778 2202 partus
812 2146 972 2188 debiles
1005 2145 1156 2186 reddit.

518 2220 614 2261 397.
664 2230 893 2260 INPROBVS
926 2229 1027 2259 ISTE
1061 2216 1132 2270 qui
1165 2215 1257 2256 sine
1290 2214 1520 2256 certamine
1554 2213 1748 2268 postulat
1778 2211 2027 2266 praemium.

497 2366 516 2395 3
544 2372 627 2394 cum
653 2370 738 2394 acer
763 2370 792 2394 e.
821 2370 855 2402 q.
884 2358 926 2403 sn]
956 2357 998 2391 cf.
1028 2355 1181 2402 [Sergii]
1209 2355 1351 2399 explan.
1379 2354 1416 2388 in
1444 2355 1533 2389 Don.
1560 2366 1595 2398 p.
1622 2357 1701 2396 491,
1728 2356 1771 2387 28
1797 2352 1840 2386 K.
1867 2353 1905 2386 et
1928 2351 2021 2385 Don.
2047 2350 2094 2385 ad

403 2408 483 2489 ἸΙζξὲ
512 2407 712 2489 (ἑξηΧΠᾳὲ,
742 2410 781 2440 12
813 2408 826 2450 ΙΙ
856 2409 901 2440 20
928 2404 1072 2448 Cicero]
1099 2402 1141 2462 in.
1163 2403 1239 2437 Cat.
1268 2403 1299 2436 ll
1326 2406 1358 2445 5,
1388 2406 1429 2436 10
1460 2403 1472 2446 Η
1503 2405 1547 2436 26
1577 2397 1748 2435 ‘Effetae'
1778 2427 1785 2433 .
1815 2429 1821 2435 .
1849 2426 1856 2432 .
1883 2397 2020 2442 reddit]
2049 2396 2094 2432 cf.

1995 2543 2027 2566 ta

500 2588 520 2618 2
547 2584 759 2618 ostentabat
786 2581 825 2616 F
840 2582 852 2626 ΙΙ
872 2586 891 2615 3
919 2593 1002 2616 acer
1027 2594 1091 2616 om.
1107 2581 1149 2615 H
1164 2582 1176 2624 ΙΙ
1197 2585 1216 2615 6
1244 2579 1407 2624 pampini
1432 2579 1538 2613 LM:
1564 2577 1773 2622 pampinius
1801 2576 1841 2611 F
1868 2575 2035 2621 pampini
2058 2574 2102 2609 N

407 2634 460 2674 (ta
484 2641 658 2675 superscr.
686 2631 762 2665 ead.
788 2632 899 2669 man.)
939 2628 1144 2673 pampitani
1172 2628 1210 2661 H
1248 2626 1423 2671 Papinius
1448 2627 1564 2670 vulqo.
1604 2626 1647 2668 cf.
1670 2625 1788 2658 ,Servii
1808 2624 1956 2667 (Ser-(sii)
1976 2633 2095 2657 comm.

408 2681 447 2713 in
473 2680 568 2713 Don.
591 2690 629 2722 p.
658 2682 737 2722 432,
765 2682 785 2712 6
811 2676 859 2710 Κ.
891 2677 903 2719 ΙΙ
940 2674 1178 2720 superprimit
1203 2675 1242 2708 H
1272 2677 1283 2718 ΙΙ
1323 2679 1340 2708 7
1369 2684 1450 2708 oros
1477 2672 1601 2708 biaeos
1629 2671 1802 2705 FNLH
1841 2669 2024 2705 orosbicos
2052 2670 2099 2703 M

409 2739 496 2761 onos
523 2738 622 2760 mnes
650 2725 711 2759 uel
736 2735 797 2759 cos
822 2723 858 2757 id
886 2725 940 2757 est
967 2724 1165 2757 uehemens
1192 2723 1451 2763 argumentum
1476 2722 1517 2755 in
1541 2730 1653 2763 νιανῃ.
1681 2719 1875 2763 adscripsit
1901 2718 1912 2753 I
1937 2718 1948 2761 ΙΙ
1974 2727 2099 2751 omnes

408 2785 473 2807 om.
501 2773 539 2807 F
567 2774 579 2817 ΙΙ
617 2777 636 2806 9
663 2784 839 2809 mznmovf:
866 2783 947 2804 vmo
975 2782 1145 2804 PROM1SSA
1172 2769 1210 2802 F
1238 2770 1250 2812 ΙΙ
1288 2768 1390 2813 quia]
1419 2767 1480 2811 qui
1505 2768 1544 2801 N
1570 2769 1582 2811 fl
1621 2771 1659 2800 11
1689 2766 1791 2811 tunc]
1820 2765 1878 2799 hic
1903 2767 1990 2799 tunc
2017 2764 2064 2797 M
2088 2763 2099 2807 Η

410 2820 550 2865 autem]
578 2820 637 2854 uel
659 2819 697 2853 F
714 2821 725 2863 ll
747 2822 787 2853 12
809 2818 979 2862 increpat
1004 2818 1116 2852 edidit
1132 2816 1336 2859 Stephanus
1355 2817 1366 2858 ΙΙ
1387 2820 1429 2849 13
1457 2818 1513 2849 est
1532 2826 1597 2848 om.
1616 2813 1707 2847 FM
1725 2815 1736 2857 ΙΙ
1758 2816 1798 2847 15
1825 2814 1977 2846 tantane
2003 2811 2100 2845 dona.

410 2868 555 2912 frustra¹
570 2867 654 2901 tolli
680 2866 775 2900 sines
801 2867 877 2899 tam
905 2865 1048 2909 patiens
1070 2864 1116 2898 M
1134 2865 1146 2907 ΙΙ
1168 2868 1209 2898 16
1230 2863 1366 2897 frustra
1386 2874 1450 2897 om.
1466 2862 1505 2895 F
1521 2862 1533 2905 ΙΙ
1553 2872 1638 2895 sane
1660 2889 1667 2896 .
1685 2890 1690 2895 .
1709 2888 1714 2893 .
1736 2858 1926 2894 historiam
1952 2869 2016 2892 om.
2034 2856 2074 2891 F
2089 2857 2099 2899 l]

411 2915 607 2959 hygrinum
634 2914 673 2947 H
700 2915 711 2956 ΙΙ
746 2917 786 2947 19
813 2925 880 2947 TAM
908 2924 1050 2946 PAmes
1078 2938 1084 2944 .
1113 2939 1119 2944 .
1148 2937 1154 2944 .
1182 2910 1294 2949 sines,
1321 2922 1412 2954 quac
1432 2913 1514 2953 post
1540 2909 1713 2952 obiurgat
1739 2907 1814 2948 (lin.
1844 2908 1900 2949 12)
1927 2905 1965 2939 F
1988 2905 2101 2943 habet,

411 2973 471 3005 eqo
497 2962 565 2996 huc
591 2961 819 3004 transposui,
845 2970 918 2994 non
945 2959 1056 2993 edidit
1078 2958 1214 2992 Daniel
1233 2959 1244 3000 ΙΙ
1264 2962 1305 2990 21
1335 2958 1414 3000 pro]
1441 2956 1592 3000 propter
1618 2955 1661 2989 H
1674 2956 1686 2998 ΙΙ
1705 2958 1747 2988 22
1776 2951 2038 2988 omoeoteleuti
2064 2950 2103 2985 F

412 3029 678 3090 homoeoteleoti
704 3055 736 3088 1.
775 3051 1038 3089 emoeuteleuti
1063 3051 1107 3085 H
1140 3052 1440 3086 omoeuteleuton
1469 3051 1514 3084 M
1542 3052 1553 3094 ΙΙ
1585 3053 1628 3084 24
1654 3048 1766 3083 hebet
1790 3047 1902 3081 NM:
1928 3045 2042 3080 habet
2066 3044 2105 3078 F

416 3103 567 3137 hebetat
591 3102 626 3137 L
664 3102 801 3136 habeat
826 3101 866 3134 H
883 3101 895 3144 ΙΙ
914 3103 958 3134 25
985 3110 1094 3133 senex
1121 3097 1160 3132 F
1176 3100 1187 3142 ΙΙ
1206 3102 1250 3133 26
1277 3110 1366 3141 quas
1393 3098 1562 3141 frequens
1586 3095 1728 3140 partus]
1756 3095 1907 3138 quartus
1932 3093 2103 3136 frequens

416 3147 456 3186 F
472 3151 484 3194 ΙΙ
503 3153 547 3184 28
573 3148 666 3196 muz]
692 3149 731 3184 id
757 3149 812 3183 est
837 3147 944 3182 nimis
970 3145 1098 3182 avidus
1124 3146 1206 3181 add.
1237 3146 1270 3179 D
1289 3146 1301 3190 ss
1329 3144 1408 3190 qui]
1436 3144 1521 3189 quia
1550 3145 1591 3177 M
