2204 3437
563 170 713 206 COMM.
739 170 791 204 ΙΝ
815 169 956 205 VERG.
983 168 1093 202 AEN.
1120 167 1181 202 ΙΙΙ.
1211 171 1404 202 nim-170.
1746 166 1830 206 373

140 281 365 322 Dardanus
405 282 446 320 et
477 279 611 320 Iasius
650 278 804 320 fratres
836 277 1008 317 fuerunt
1038 275 1152 316 Iovis
1181 278 1218 316 et
1246 274 1445 315 Electrae
1483 274 1579 315 filii:
1620 273 1693 315 scd
1725 274 1832 314 Dar-

142 352 276 393 danus
316 351 365 391 de
398 350 517 401 Iove,
554 349 692 391 Iasius
731 349 780 390 de
813 347 1002 401 Corytho
1042 346 1287 400 procreatus
1327 347 1409 398 est,
1448 359 1473 385 a
1505 344 1623 385 cuius
1660 344 1831 385 nomine

142 426 184 464 et
214 436 337 462 mons
371 423 413 462 et
441 420 643 474 oppidum
668 434 822 460 nomen
851 417 1024 471 accepit.
1069 418 1222 470 postea
1246 415 1404 456 Iasium
1432 415 1586 456 dicitur
1605 413 1831 455 Dardanus

143 492 357 534 occidisse.
405 491 450 532 lii
482 494 615 532 tamen
643 490 795 542 fratres
825 503 916 531 oiim
947 502 995 529 ex
1013 487 1192 528 Etruria
1214 487 1521 539 proposuissent
1545 486 1652 527 sedes
1676 488 1833 526 exteras

133 566 283 617 petere,
306 562 491 615 profecti.
535 565 571 602 ot
595 561 824 602 Dardaniis
848 559 1008 612 quidem
1041 560 1245 598 contracta
1280 557 1322 597 iii
1344 556 1471 597 Troia
1502 556 1702 596 iuventute
1720 554 1831 595 Dar-
1858 563 1877 593 5

140 634 309 675 daniam
340 633 478 673 urbem
509 632 703 685 condidit,
734 645 761 672 a
786 644 867 683 aaa
898 629 1171 670 Troianorum
1203 628 1313 680 oriyo
1345 627 1474 668 crevit.
1524 625 1667 667 Iasius
1698 628 1832 667 autom

140 704 470 747 Samothraciam
500 702 601 755 oepit
637 705 674 742 ot
708 701 765 742 ibi
803 701 971 742 liborium
1010 699 1139 740 locam
1175 698 1344 750 imperio
1383 698 1520 738 tenuit.
1581 697 1658 737 alii
1694 697 1834 737 dicauit

140 779 354 827 utrumque
385 788 432 815 ex
464 771 655 826 Corytho,
686 772 798 813 Iovis
827 771 930 824 filio,
964 772 1198 822 procreatos
1227 771 1264 809 ot
1292 769 1397 810 siout
1425 768 1577 809 dictam
1607 770 1663 808 est
1692 767 1834 807 relicta

141 846 271 888 Italia
294 845 506 898 profectos.
543 844 612 885 sed
633 842 795 884 Iasium
815 841 1143 883 Samothraciam
1167 840 1337 892 imperio
1364 839 1551 892 tenuisse,
1582 837 1833 878 Dardanum

140 931 230 958 vero
261 917 308 957 iii
338 915 567 968 Pliryfjiam
596 914 824 967 pervenisse
860 913 992 964 ibique
1028 910 1185 952 auxilio
1222 910 1350 962 faisse
1384 909 1551 959 Teucro,
1590 907 1837 949 Scamandri
1865 916 1907 947 10

140 988 245 1042 filio,
276 987 347 1040 qui
379 990 464 1027 tum
493 986 695 1038 finitimas
721 986 856 1037 ycm‘cs
882 983 979 1024 bello
1004 980 1226 1035 siibiyebat7
1256 980 1467 1033 filiamque
1491 979 1576 1020 eius
1600 979 1762 1020 duxisse
1792 979 1838 1019 in

141 1058 466 1110 matrimonimn,
498 1059 535 1097 et
553 1058 645 1108 post
664 1057 831 1096 mortem
855 1054 979 1095 soceri
1003 1066 1171 1105 reffliuiii
1196 1052 1386 1104 adeptitiii
1405 1050 1673 1091 Dardaniam
1695 1049 1837 1090 Troia-

141 1143 240 1171 nam
271 1129 470 1182 royionem
502 1126 552 1168 ab
583 1139 654 1167 sito
685 1125 847 1166 iiomiiic
878 1124 1113 1178 appellasse.
1169 1122 1317 1164 Graeci
1342 1125 1379 1163 et
1404 1121 1535 1163 Varro
1560 1120 1838 1161 lamiaiiaritm

141 1214 278 1242 rerum
308 1199 560 1240 Dardanum
590 1209 673 1237 non
704 1209 753 1236 ex
783 1194 931 1245 Italia,
963 1195 1033 1236 sod
1061 1194 1108 1235 do
1132 1193 1335 1246 Arcadia,
1365 1191 1462 1233 urbe
1492 1191 1652 1232 Pheneo
1660 1224 1670 1245 ,
1702 1191 1837 1231 orimi-

140 1273 238 1313 diim
268 1271 428 1318 dioimt;
460 1268 537 1309 alii
569 1265 818 1315 Cretensem,-
851 1265 927 1306 alii
958 1265 1066 1305 circa
1100 1264 1270 1305 Troiam
1301 1266 1338 1304 et
1367 1263 1491 1304 Idam
1522 1264 1678 1302 natum.
1739 1274 1837 1303 saiic
1865 1268 1906 1298 15

130 1356 208 1396 por
231 1341 371 1395 patris
401 1339 711 1393 amiellatioiieiii
743 1336 1018 1390 ooynatioiiem
1049 1332 1303 1391 (sissqnsificat).

260 1412 354 1453 168.
403 1422 433 1451 A
460 1420 553 1459 QVO
581 1420 795 1450 PRINCIPE
828 1418 1045 1449 NOSTRVM
1079 1421 1103 1447 a
1128 1405 1348 1458 Dardano,
1378 1419 1466 1445 non
1494 1404 1547 1444 ab
1573 1403 1704 1457 Iasi03
1737 1418 1836 1444 nam

141 1481 346 1525 anteriori
378 1480 610 1535 respondit.
662 1479 773 1534 quod
803 1481 946 1519 autem
974 1477 1076 1518 dicit
1109 1476 1149 1517 ea
1170 1491 1252 1530 quo
1272 1475 1464 1529 principe
1486 1488 1620 1529 genus
1641 1476 1837 1515 nostrum

143 1553 229 1595 est'
267 1554 411 1607 potest
448 1553 491 1592 et
523 1550 783 1606 generaliter
814 1548 1029 1602 intellegi,
1066 1548 1111 1589 id
1141 1550 1197 1588 est
1232 1546 1343 1587 unde
1384 1545 1594 1600 originem
1634 1545 1837 1599 ducimus,

142 1627 189 1666 ut
220 1624 320 1665 deos
352 1624 529 1677 penates
564 1621 686 1676 quasi
719 1620 929 1662 Troianos
963 1618 1211 1672 intellegas,
1251 1619 1293 1658 et
1325 1616 1378 1657 ad
1415 1616 1547 1657 ritum
1579 1616 1748 1670 referri,
1787 1616 1837 1657 de
1865 1622 1908 1653 20

142 1710 225 1751 quo
264 1694 366 1736 dicit
397 1693 540 1735 Labeo
580 1693 625 1733 in
662 1691 787 1733 libris
827 1691 899 1745 qui
938 1689 1209 1744 appellantur
1253 1688 1303 1729 de
1344 1688 1425 1728 diis
1472 1686 1751 1728 animalibus:
1795 1687 1839 1727 in

143 1766 296 1821 quibus
335 1765 414 1819 ait,
457 1778 548 1805 esse
587 1762 795 1817 quaedam
828 1775 949 1802 sacra
982 1760 1135 1815 quibus
1170 1759 1337 1800 animae
1370 1758 1582 1799 humanae
1615 1760 1838 1799 vertantur

141 1838 186 1878 in
217 1837 335 1890 deos,
369 1835 441 1890 qui
473 1834 747 1889 appellantur
780 1831 1006 1885 animales,
1039 1830 1150 1885 quod
1183 1830 1233 1872 de
1259 1830 1413 1878 animis
1446 1829 1564 1870 fiant.
1614 1828 1660 1869 hi
1693 1830 1837 1869 autem

143 1909 242 1950 sunt
272 1906 332 1947 dii
363 1907 540 1959 penates
574 1907 616 1946 et
647 1904 792 1946 viales.
829 1921 831 1923 ·

263 1977 356 2019 169.
406 1993 557 2019 LAETVS
586 1977 632 2018 iol
660 1978 717 2017 est
742 1975 893 2016 omissa
918 1973 1089 2015 tristitia
1112 1985 1235 2025 qaam
1260 1972 1307 2012 do
1330 1971 1450 2012 sociis
1478 1970 1646 2012 habebat
1663 1970 1839 2023 aniissis,
1865 1976 1909 2007 25

142 2050 201 2091 vel
231 2049 329 2102 quia
360 2049 396 2089 ei
426 2048 658 2100 desiyiiatits
697 2045 897 2087 evidenter
930 2044 1069 2096 ficerat
1106 2043 1230 2096 locus,
1268 2041 1324 2082 ad
1359 2054 1476 2093 quem
1512 2041 1599 2082 siiio
1635 2053 1769 2081 erroro
1805 2044 1842 2081 et

136 2133 301 2173 peracre
331 2122 368 2159 et
388 2118 599 2171 pervenire
630 2116 791 2158 deberet.

265 2189 359 2231 170.
408 2201 537 2230 HAVD
559 2198 834 2230 DVBITANDA
853 2197 1002 2227 REFER
1030 2186 1103 2226 aut
1130 2183 1229 2238 quia
1256 2182 1558 2224 dubitaverant
1584 2196 1633 2223 ex
1661 2182 1839 2224 consilio

143 2260 376 2314 Anchisae,
420 2263 494 2301 aut
532 2274 585 2301 ne
624 2260 799 2313 propter
837 2257 1052 2298 somnium
1090 2269 1179 2296 non
1219 2254 1450 2296 crederent.
1580 2270 1689 2294 imm
1722 2270 1755 2294 D.
1787 2254 1837 2304 R]

143 2331 266 2373 *idco
297 2331 453 2384 dicunt,
484 2331 521 2372 si
548 2330 653 2382 forte
683 2342 766 2370 iion
796 2329 967 2370 crederet
995 2327 1102 2380 quod
1124 2339 1201 2379 poi·
1232 2325 1436 2366 somnium
1460 2322 1614 2374 vidit,ss
1645 2326 1719 2364 aut
1742 2324 1838 2375 (suia
1865 2331 1909 2361 30

143 2417 226 2445 non
250 2403 383 2455 dabie,
414 2405 460 2442 itt
478 2402 643 2455 Apollo,
675 2402 929 2441 monuerunt.
1031 2407 1283 2439 CORYTHVM
1315 2395 1513 2449 designat
1544 2396 1710 2447 partem
1742 2408 1838 2447 pro-

241 2524 257 2553 1
286 2517 478 2553 Dardanus
506 2545 514 2552 .
543 2544 549 2551 .
578 2546 584 2552 .
613 2515 804 2561 occidisse]
833 2525 945 2550 exscr.
973 2513 1157 2558 mythogr.
1184 2512 1199 2545 l
1227 2514 1292 2546 135

242 2629 257 2659 1
286 2623 354 2658 filii
380 2623 439 2658 uel
465 2624 506 2658 ut
530 2622 681 2667 quidam
707 2622 839 2657 uolunt
865 2620 1068 2655 dardanum
1095 2619 1138 2653 de
1165 2618 1247 2652 ioue
1273 2617 1406 2652 iasium
1433 2616 1477 2650 de
1499 2616 1649 2660 colytho
1670 2625 1839 2659 procrea-

143 2675 223 2708 tum
249 2671 288 2706 F
310 2672 322 2716 ss
347 2675 366 2705 2
400 2670 515 2705 corito
542 2671 617 2704 Lm
655 2670 797 2705 corinto
824 2669 868 2703 H
901 2667 999 2703 corio
1030 2667 1078 2701 M
1115 2666 1242 2700 chorto
1269 2665 1308 2698 E
1341 2664 1498 2708 (chorito
1525 2665 1558 2707 0)
1584 2664 1595 2706 ΙΙ
1621 2663 1657 2707 a]
1685 2663 1729 2696 de
1758 2661 1797 2695 F
1812 2664 1824 2706 ΙΙ

145 2724 165 2755 5
192 2719 394 2754 dardanam
421 2718 468 2760 F,
501 2729 591 2753 corr.
618 2718 755 2752 Daniel
785 2717 797 2760 ΙΙ
830 2720 847 2751 7
876 2715 998 2759 coepit
1025 2713 1064 2748 F
1091 2714 1103 2758 ΙΙ
1137 2717 1179 2748 10
1211 2714 1356 2747 teucros
1383 2711 1422 2745 F
1450 2712 1462 2755 ΙΙ
1495 2714 1535 2744 11
1570 2710 1735 2744 liniamas
1762 2708 1802 2742 F
1830 2708 1840 2754 11

143 2768 244 2802 bella
270 2766 309 2800 F
345 2766 357 2809 ΙΙ
396 2769 436 2800 13
463 2765 579 2799 Varro
604 2765 701 2799 Rei-si
735 2764 926 2798 humanar.
959 2761 1172 2796 Dardanum
1204 2771 1277 2794 non
1309 2770 1352 2793 cx
1377 2758 1487 2792 Italia
1519 2757 1581 2791 sed
1614 2769 1657 2791 ex
1682 2756 1841 2790 Arcadia

144 2814 233 2849 urbe
258 2813 398 2848 Phineo
425 2811 620 2847 oriundum
645 2810 736 2845 dicit
755 2811 919 2845 Ambros.
941 2811 952 2854 ΙΙ
973 2813 1014 2843 17
1042 2819 1064 2843 a
1083 2807 1256 2842 Dardano
1282 2817 1356 2840 non
1382 2806 1428 2839 ab
1448 2804 1561 2849 Iasio]
1589 2804 1658 2838 hoc
1685 2804 1741 2837 cst
1766 2814 1839 2837 non

145 2862 192 2896 ab
216 2860 308 2896 iasio
334 2859 397 2894 sed
423 2871 445 2894 a
470 2859 633 2894 dardano
661 2858 700 2892 F
715 2859 726 2902 ΙΙ
754 2862 796 2892 18
822 2856 1020 2901 respondet
1047 2855 1140 2889 ME
1157 2856 1168 2899 ΙΙ
1197 2858 1238 2888 19
1265 2854 1389 2898 potest
1413 2854 1539 2887 tamen
1564 2851 1700 2885 Daniel
1719 2852 1731 2894 ΙΙ
1750 2849 1838 2884 dici-

146 2943 226 2966 mus
256 2931 294 2965 F
335 2915 498 2965 dgeimus
525 2930 569 2963 H
594 2932 605 2973 ΙΙ
642 2932 685 2963 21
719 2928 774 2962 dis
800 2927 845 2961 Η
875 2928 887 2971 ΙΙ
924 2925 1160 2970 animalibus]
1196 2924 1329 2968 quibus
1356 2922 1459 2967 origo
1486 2921 1657 2956 animalis
1685 2921 1741 2954 est
1767 2920 1807 2954 F
1827 2920 1839 2965 Η

147 2983 192 3012 24
216 2978 361 3021 uinalcs
390 2978 437 3012 M
453 2978 465 3020 11
490 2981 533 3011 26
561 2988 635 3020 qua
661 2975 695 3010 ei
720 2974 934 3019 designatur
961 2973 1007 3018 F,
1041 2984 1130 3007 corr.
1158 2972 1295 3006 Daniel
1313 2973 1324 3015 ΙΙ
1349 2981 1436 3004 sane
1465 2968 1504 3002 F
1519 2970 1530 3012 ΙΙ
1550 2973 1593 3003 28
1620 2980 1730 3001 merim
1755 2967 1838 3002 ideo

147 3025 273 3060 dicunt
299 3052 305 3058 .
335 3053 342 3060 .
371 3054 377 3060 .
403 3024 499 3058 uidit
523 3025 588 3058 aut
613 3023 700 3067 quia
725 3021 987 3056 dubitauerant
1013 3032 1041 3055 e.
1070 3033 1104 3064 q.
1133 3031 1158 3053 s.
1187 3018 1227 3052 F
1247 3019 1259 3062 11
1291 3017 1348 3062 ex]
1377 3016 1421 3050 de
1446 3017 1551 3063 vidqo
1577 3017 1588 3059 Η
1619 3019 1660 3049 31
1690 3025 1837 3049 monue-

147 3073 233 3106 runt
256 3073 404 3116 scripsi.-
429 3072 624 3106 mouerunt
650 3069 689 3104 F
722 3069 904 3103 noverunt
929 3068 1066 3103 Daniel
1086 3067 1230 3111 primus
1261 3066 1273 3109 ΙΙ
1307 3076 1465 3097 convivii
1492 3062 1532 3096 F
1554 3075 1731 3096 ‹tomi-uvir
1757 3062 1843 3095 LII

148 3131 297 3154 comrvn
325 3119 417 3153 ME
433 3119 445 3162 ΙΙ
465 3117 659 3162 designant
684 3117 821 3151 Daniel
840 3116 995 3159 primus.
1034 3115 1126 3149 idem
1152 3112 1341 3147 civitatem
1366 3122 1411 3145 nc
1437 3110 1578 3144 erraret
1602 3111 1639 3144 et
1664 3109 1808 3144 addidit
