2204 3437
587 170 736 205 COMM.
763 171 815 204 IN
840 169 981 204 VERG.
1009 169 1117 204 AEN.
1144 168 1187 202 Π.
1216 171 1412 202 658—681.
1752 166 1834 206 317

265 280 360 321 670.
410 295 605 325 NVMQVAM
629 292 707 331 pro
738 291 838 331 uou7
869 280 915 318 ut
943 288 1204 328 numquam
1234 274 1373 315 hodie
1404 273 1625 326 effvscgyies.

263 350 359 391 672.
408 366 656 391 [Ν.ςιςκγ.»1ι;.11[
683 348 974 390 enudationem
1006 346 1176 387 ostendit
1205 344 1275 386 hoc
1306 344 1419 385 verbo
1444 344 1547 393 eius,
1578 344 1649 395 quel
1679 356 1749 383 uec
1782 344 1838 382 ire

143 423 200 462 ad
221 421 426 474 proelium
456 421 565 473 velit,
596 433 666 460 uec
696 420 859 460 domum
888 418 1122 469 relinquere.
1184 416 1240 456 sic
1271 419 1307 456 et
1338 413 1543 466 “ferebam’
1576 414 1692 454 clia-fit.

262 491 358 532 674.
409 508 525 532 PATRI
551 490 696 531 melius
727 487 884 542 ‘patri’‚
916 501 1040 540 quam
1072 484 1221 527 ‘mc‘lu‘’.
1338 496 1585 525 TENDEBAT
1620 483 1837 536 offerebat,

146 562 218 603 sed
249 561 447 603 manibus
481 576 576 602 eum
609 565 796 614 gestans.
1864 563 1883 591 5

263 632 359 673 675.
411 643 449 673 SI
474 642 727 672 PERITVRVS
754 641 856 671 ABIS
884 629 1181 683 argumentum
1208 626 1427 679 dilemma,
1453 625 1494 665 id
1519 627 1584 665 est
1605 624 1838 677 conplexio,

145 717 252 757 quae
285 702 577 743 adversarium
611 702 664 742 ab
698 703 878 754 utraque
911 702 1036 755 parte¹
1065 697 1291 739 concludit.

263 773 358 814 676.
408 789 608 814 armeris
643 772 812 824 quidam
841 770 1111 824 participium
1141 768 1356 821 praeteria
1394 767 1583 818 temporis
1618 767 1718 817 [sed]
1758 767 1840 806 vim

136 843 364 895 praesentis
394 842 537 883 habere
566 842 722 895 colunt,
753 841 851 894 quia
875 853 1068 893 praeseus
1099 839 1241 891 deficit.

262 913 358 954 677.
411 930 563 955 TVTARE
589 929 727 954 comm
757 911 828 952 hoc
858 913 915 951 est
944 910 1009 950 cue?
1039 909 1238 961 defeusomss
1268 908 1557 967 relivszqm'mmssy
1595 907 1631 947 si
1663 910 1705 947 tu
1736 908 1839 947 (che-
1866 914 1909 943 10

144 984 233 1025 ris?
329 995 403 1025 CVI
429 994 607 1024 PARVVS
633 993 768 1023 IVLVS
801 980 1110 1034 interrogantis
1144 982 1220 1020 est.
1271 981 1313 1019 et
1346 978 1474 1019 simul
1507 977 1698 1031 epitheto
1732 991 1842 1018 com-

145 1055 319 1096 mendat
351 1056 547 1096 aetatem.

263 1125 360 1166 678.
412 1135 617 1165 CONIVNX
657 1133 885 1171 QVONDAM
927 1119 1184 1175 ‘quondam’
1228 1121 1302 1160 aut
1343 1119 1572 1173 aliquando
1615 1118 1842 1172 significat,

146 1196 270 1250 quasi
310 1209 420 1236 nunc
460 1208 565 1234 uxor
605 1207 691 1233 non
733 1193 790 1233 sit
833 1207 941 1246 quae
980 1191 1248 1245 relinquitur.
1311 1193 1386 1231 aut
1427 1192 1540 1230 certe
1582 1187 1840 1243 ‘quondam'

147 1265 344 1319 tsemper'
377 1264 608 1318 significat,
650 1267 697 1304 ut
728 1263 772 1303 in
804 1262 1016 1317 georgicis
1049 1260 1142 1314 <III
1174 1261 1257 1315 99>
1293 1263 1347 1301 ut
1385 1259 1635 1314 quondam
1668 1260 1717 1299 in
1750 1259 1840 1299 sti-
1870 1266 1911 1295 15

145 1336 283 1390 pulis
310 1348 520 1389 magnus
549 1334 656 1374 sine
682 1333 882 1374 viribus
915 1332 1069 1385 ignis,
1102 1333 1144 1372 et
1166 1333 1248 1385 est⁷
1281 1344 1408 1385 quam
1430 1345 1597 1383 semper
1619 1330 1841 1383 coniugem

146 1406 394 1448 nominasti.
443 1404 595 1446 haberi
621 1403 733 1444 enim
766 1403 940 1457 quaevis
973 1404 1162 1456 poterat,
1193 1401 1406 1443 nominari
1438 1404 1524 1442 non
1555 1401 1639 1441 nisi
1670 1399 1842 1440 nobilis.

146 1481 184 1518 et
213 1477 307 1518 beue
339 1478 404 1528 [ex
435 1477 555 1517 ductu
588 1475 835 1525 litteramuu]
869 1474 976 1526 quod
1005 1476 1237 1514 eventurum
1276 1473 1401 1522 timet,
1443 1473 1562 1524 quasi
1598 1473 1684 1512 iam
1721 1471 1842 1512 couti-

143 1548 264 1601 yera,
296 1547 431 1599 defle&
464 1560 504 1587 se
528 1548 663 1586 autem
688 1545 774 1585 ideo
799 1544 986 1584 ultimam
1015 1543 1132 1596 facit,
1164 1544 1271 1595 quod
1294 1542 1385 1594 ipsa
1411 1542 1598 1594 loquitur.
1642 1542 1843 1582 diversam

147 1621 282 1658 autem
312 1619 482 1658 aetatem
505 1616 644 1668 pueri,
682 1615 790 1656 sems
828 1617 865 1655 et
897 1614 1074 1665 femmae
1105 1614 1161 1654 ad
1190 1612 1489 1654 miserationem
1521 1612 1844 1653 commovendam
1869 1618 1913 1648 20

150 1688 309 1729 videtur
339 1687 496 1728 obicere.

267 1759 363 1800 680.
413 1774 590 1799 SVBITVM
610 1770 688 1809 pro
721 1755 891 1797 ‘subitoz
941 1755 1175 1796 adverbium
1206 1757 1263 1796 cst
1288 1754 1477 1806 temporis
1502 1753 1719 1795 secuudum
1749 1756 1845 1793 cete-

147 1843 221 1871 res.
343 1845 481 1871 omwss
511 1828 700 1869 orc'uutur
730 1827 889 1880 diviua,
921 1829 967 1867 ut
995 1825 1090 1867 Sol:
1127 1826 1214 1866 ideo
1246 1829 1283 1866 et
1311 1825 1450 1877 †Quia
1480 1825 1671 1866 dicuutur
1703 1823 1844 1864 oritur.

269 1900 364 1940 681.
413 1909 568 1939 MANVS
607 1909 748 1939 INTER
792 1897 976 1938 mutavit
1022 1897 1243 1937 accentum
1284 1895 1549 1949 praepositio
1590 1893 1845 1947 postposita.

151 1984 251 2011 sane
283 1967 424 2009 ‘inter'
456 1968 704 2021 plerumque
735 1981 814 2020 pro
848 1965 954 2020 ‘per’
986 1966 1178 2020 ponitur,
1212 1965 1284 2006 sed
1317 1980 1413 2006 raro
1449 1964 1559 2018 apud
1591 1963 1845 2018 Vergilium,
1872 1970 1914 2000 25

150 2043 199 2081 ut
224 2039 335 2093 <VII
356 2039 438 2092 30>
470 2038 599 2079 hunc
625 2038 762 2079 inter
786 2037 950 2078 fluvio
978 2036 1252 2078 Tiberinus
1286 2050 1508 2077 amoeno.
1559 2024 1672 2076 bona
1704 2037 1847 2075 autem

247 2159 264 2189 1
292 2165 492 2199 numquam
518 2165 585 2198 pro
611 2153 700 2199 non]
729 2152 773 2187 cf.
800 2153 892 2187 Don.
920 2152 968 2187 ad
994 2152 1075 2186 Ter.
1102 2151 1213 2186 Andr.
1240 2152 1274 2185 Π
1300 2155 1332 2194 4,
1361 2156 1390 2185 7.
1431 2162 1511 2185 eun.
1539 2150 1571 2183 ΙΙ
1597 2154 1629 2193 3,
1651 2150 1846 2193 9811111111]-

151 2202 278 2248 quam]
305 2202 386 2236 buc.
413 2202 464 2235 111
489 2205 533 2235 49

246 2312 268 2341 4
294 2308 342 2341 ad
366 2318 397 2340 v.
425 2311 493 2341 674
518 2305 725 2350 Tendebat]
753 2303 939 2339 offerebat.
970 2304 1005 2337 P
1031 2305 1043 2348 ΙΙ
1074 2308 1093 2338 5
1122 2304 1185 2338 sed
1211 2303 1379 2338 manibus
1406 2303 1462 2336 H:
1488 2302 1552 2336 sed
1578 2313 1651 2336 non
1676 2301 1845 2335 manibus

152 2353 356 2388 LMEC*.
384 2354 428 2396 cf.
456 2353 552 2387 Serv.
581 2353 628 2386 aa
653 2363 684 2387 v.
706 2354 770 2385 681
793 2352 804 2394 ΙΙ
825 2356 844 2385 6
871 2352 1042 2396 argutum
1070 2351 1100 2385 G
1116 2353 1127 2395 ΙΙ
1146 2351 1284 2385 dilema
1310 2350 1396 2383 LH
1427 2349 1564 2383 delima
1592 2348 1701 2382 MEZ
1720 2349 1731 2391 ΙΙ
1751 2351 1771 2381 8
1798 2348 1846 2381 ad

153 2413 184 2437 v.
213 2405 278 2435 676
306 2399 501 2444 Expertus]
529 2399 680 2443 quidam
705 2397 944 2443 participium
972 2427 978 2432 .
1007 2426 1013 2431 .
1043 2427 1049 2433 .
1077 2398 1209 2432 deficit.
1240 2398 1274 2430 P
1296 2398 1308 2441 ΙΙ
1336 2396 1577 2441 praeteritum
1603 2396 1748 2438 tempus
1777 2394 1813 2427 P

154 2450 211 2483 set
237 2448 272 2481 P
300 2449 312 2491 ΙΙ
351 2451 392 2480 10
421 2448 469 2481 ad
493 2458 524 2482 v.
552 2451 618 2480 677
647 2447 782 2481 Tutare
809 2445 973 2489 domum]
1011 2445 1081 2479 hoc
1106 2446 1162 2479 est
1188 2444 1245 2478 cui
1272 2443 1456 2477 defensori
1481 2442 1710 2486 (defensoris)
1736 2440 1845 2474 relin-

155 2495 322 2539 quimur?
351 2494 386 2527 P
415 2495 426 2537 ΙΙ
460 2498 499 2527 11
529 2493 719 2538 epitheton
745 2492 802 2526 est
826 2492 869 2526 H
895 2493 907 2536 ss
941 2496 982 2525 13
1009 2493 1057 2526 ad
1081 2503 1112 2526 v.
1140 2495 1206 2526 678
1240 2490 1405 2525 Coniunx
1430 2488 1631 2533 quondam]
1660 2487 1845 2531 quondam

156 2571 163 2578 .
191 2570 198 2576 .
226 2569 233 2575 .
260 2552 350 2575 uxor
381 2552 453 2575 non
485 2540 541 2574 sit.
592 2541 656 2575 aut
687 2540 874 2584 quondam
900 2539 1084 2583 (condam)
1112 2549 1255 2582 semper
1287 2537 1488 2581 significat,
1520 2538 1562 2570 ut
1594 2535 1632 2568 in
1663 2534 1845 2579 georgicis

155 2590 274 2633 (gyor)
304 2588 510 2632 ‘quondam
536 2587 720 2630 (condam)
749 2615 756 2622 .
784 2615 790 2621 .
820 2613 826 2619 .
855 2586 1049 2630 coniugem
1074 2585 1284 2620 nominasti.
1314 2584 1349 2617 P
1374 2585 1386 2628 ΙΙ
1420 2587 1460 2617 15
1487 2583 1526 2617 111
1548 2586 1629 2626 post
1659 2581 1845 2625 quondam

155 2647 220 2671 om.
241 2635 351 2678 LHu
373 2639 413 2669 16
441 2635 479 2669 et
504 2635 560 2669 est
579 2634 799 2668 HMEPZ:
825 2634 986 2668 aetatem
1005 2633 1039 2667 L
1077 2635 1114 2667 et
1138 2634 1194 2667 est
1220 2643 1345 2666 sensus
1369 2630 1398 2665 O
1420 2634 1451 2665 et
1471 2630 1669 2664 Fabricius
1688 2630 1699 2672 Η
1722 2632 1761 2661 17
1782 2638 1845 2671 po-

155 2682 291 2728 terassst
321 2681 355 2715 L
392 2681 563 2726 poterant
589 2682 637 2714 M
665 2683 676 2725 ΙΙ
707 2680 849 2715 nobiles
877 2680 925 2714 M
953 2681 964 2724 ΙΙ
1003 2683 1046 2714 18
1073 2691 1116 2714 ex
1141 2679 1254 2713 ductu
1280 2679 1489 2712 litterarum
1520 2676 1655 2711 seclusi.
1706 2676 1847 2709 vridetur

156 2730 249 2764 euim
269 2728 462 2772 Scioppius
481 2729 687 2772 siquisicare
703 2728 871 2769 voluisse,
899 2728 936 2761 et
961 2728 1054 2761 bene
1079 2737 1153 2761 uou
1177 2727 1267 2760 satis
1293 2735 1469 2769 apparere
1494 2725 1534 2757 iu
1557 2723 1682 2757 codice.
1704 2724 1714 2765 ΙΙ
1736 2725 1777 2755 22
1799 2721 1847 2754 acl

155 2787 187 2810 v.
215 2779 282 2810 680
310 2775 496 2820 Subitam]
523 2786 590 2819 pro
617 2774 738 2809 subito
766 2802 773 2808 .
797 2802 803 2808 .
826 2801 833 2809 .
859 2775 1012 2808 ueteres.
1043 2773 1078 2806 P
1094 2774 1106 2817 ss
1130 2772 1308 2817 temporis
1334 2772 1382 2805 P:
1408 2770 1546 2806 ordinis
1574 2770 1603 2803 (J
1619 2770 1630 2813 Η
1655 2773 1698 2802 23
1726 2770 1766 2801 ut
1793 2767 1847 2801 sol

156 2822 240 2857 ideo
268 2822 522 2856 C'ovmnelz'uus:
548 2823 589 2856 ut
609 2821 678 2855 soli
698 2821 766 2855 deo
790 2819 820 2854 C
835 2822 846 2863 ΙΙ
866 2821 903 2854 et
921 2820 1034 2864 ignis,
1062 2820 1148 2864 quia
1168 2820 1218 2853 dii
1239 2819 1413 2861 fundunt,
1438 2818 1552 2852 oritur
1572 2816 1616 2850 ff.
1639 2815 1845 2849 Schocllius.

157 2870 309 2912 fortasse
334 2870 372 2903 et
395 2868 566 2913 prodigia
592 2868 762 2902 dicuntur
788 2867 873 2901 oriri
897 2868 909 2911 ΙΙ
941 2871 985 2901 24
1012 2868 1059 2902 ad
1083 2879 1115 2901 11.
1143 2870 1208 2900 681
1242 2866 1372 2900 Manus
1397 2864 1509 2909 inter]
1537 2862 1695 2896 mutavit
1721 2872 1847 2895 accen-

158 2918 237 2950 tum
263 2915 487 2960 praepositio
512 2914 736 2959 postposita.
772 2914 990 2959 Monstrum]
1019 2925 1040 2948 a
1065 2912 1320 2956 monstrando,
1347 2912 1384 2945 id
1411 2913 1467 2945 est
1492 2909 1673 2943 monendo
1701 2907 1847 2951 dicitur,

159 2964 197 2997 et
225 2962 384 2997 refertur
409 2962 456 2996 ad
481 2972 652 3007 praesens
681 2961 904 3005 'significatio
931 2960 1007 2995 eius
1034 2959 1381 3005 (significationem).
1431 2956 1641 3002 prodigium
1668 2966 1754 2990 uero
1780 2955 1849 2997 est,

160 3009 256 3052 quod
282 3010 379 3053 (que)
407 3037 413 3043 .
436 3037 442 3043 .
465 3038 471 3044 .
498 3008 815 3053 significationem.
846 3007 881 3040 P
904 3008 915 3051 ΙΙ
940 3007 1147 3052 postposita
1172 3004 1397 3050 praepositio
1426 3004 1473 3037 M
1495 3005 1507 3047 ΙΙ
1532 3006 1575 3037 25
1603 3013 1667 3047 pro
1694 3014 1758 3046 per
1784 3012 1847 3045 po-

159 3056 258 3090 nitur
288 3055 488 3089 LHME:
525 3055 763 3100 praeponitur
796 3053 832 3088 C.
866 3055 924 3097 (cf.
951 3055 1145 3098 Scioppius
1176 3056 1325 3096 suspect.
1358 3053 1431 3086 lect.
1468 3051 1514 3083 111
1542 3051 1576 3093 5)
1616 3049 1848 3094 postponitur

161 3102 347 3137 Leideusis
370 3102 598 3146 Burmauui,
626 3101 671 3136 F.
693 3100 889 3136 Schoellius
913 3101 955 3135 cle
980 3112 1051 3135 acc.
1079 3101 1100 3134 l.
1128 3100 1149 3135 l.
1176 3111 1211 3143 p.
1241 3102 1305 3132 185
1331 3099 1343 3142 Η
1368 3102 1412 3131 26
1439 3097 1588 3130 fluuium
1620 3096 1684 3129 Ml
