2204 3437
363 546 383 576 (51

340 901 382 931 10

335 1612 378 1642 20

413 147 500 189 650
1176 151 1336 186 SERVH

411 255 553 296 virilia
586 257 844 311 amputavit,
877 257 1049 312 delapsa
1082 259 1126 300 in
1153 274 1269 300 mare
1296 262 1414 300 sunt:
1448 259 1497 301 de
1525 274 1704 314 quorum
1732 276 1878 304 cruore
1905 267 1949 305 et
1975 265 2106 306 maris

412 340 562 380 spuma
588 331 689 368 nata
716 327 872 369 dieitur
891 327 1052 370 Venus:
1080 329 1190 370 unde
1218 333 1260 371 et
1276 325 1511 384 Ἀφροδίτη
1539 330 1708 386 dieitur⁷
1739 327 1824 374 ἀπὸ
1846 334 1925 375 τοῦ
1945 330 2105 389 ἀφροῦ.

412 396 485 436 sed
517 397 597 438 hoe
629 397 760 439 habet
792 398 925 439 ratio:
958 413 1105 441 omnes
1138 400 1248 441 vires
1282 415 1360 441 usu
1387 401 1558 442 venerio
1585 401 1876 458 debilitantur,
1909 405 1982 459 qui
2015 406 2106 448 sine

411 467 602 520 eorporis
631 468 785 510 damno
818 472 903 510 non
930 471 1113 525 geritur:
1147 471 1257 512 unde
1285 471 1462 526 fingitur
1482 471 1627 514 Venus
1654 477 1757 515 nata
1782 489 1857 529 per
1883 475 2104 531 damnum3

411 537 460 578 de
487 538 595 579 mari
623 541 767 581 autem
793 540 900 594 ideo,
932 542 1033 596 quia
1059 541 1206 583 dieunt
1225 541 1394 596 physici
1427 542 1625 584 sudorem
1653 544 1813 586 salsum
1840 560 1944 600 esse,
1978 561 2104 601 quem

411 622 579 662 semper
618 609 736 651 elicit
773 611 923 653 coitus.
987 612 1096 653 unde
1136 613 1267 654 etiam
1305 615 1469 667 myrtus
1510 614 1547 655 ei
1586 619 1833 657 consecrata
1870 619 1953 670 est,
1998 632 2104 671 quae

410 679 610 722 litoribus
644 682 818 736 gaudet,
850 685 898 724 ut
929 685 990 724 ait
1019 684 1179 725 litora
1210 684 1451 738 myrtetis
1485 684 1791 728 laetissima.
1853 688 1940 729 ideo
1971 692 2105 730 autem

408 750 588 793 diximus
619 751 779 794 ‘Caelus
806 752 950 806 Ραΐενζ
982 757 1028 794 ut
1051 754 1146 795 deus
1170 755 1490 807 siqniftcaretur:
1522 755 1661 797 mallus
1685 757 1793 797 enim
1823 757 1920 799 deus
1946 760 2106 811 generis

407 823 542 862 neutri
572 825 638 864 est.
700 838 799 865 nam
830 825 985 865 eaelum
1012 838 1154 877 yenere
1183 828 1324 866 neutro
1355 825 1592 866 elementum
1622 827 1840 880 siqnificat.
1959 841 2105 871 MERVI

410 904 596 943 QVOQVE
625 894 755 935 etiam
781 895 1000 949 praestiti,
1026 898 1074 936 ut
1099 894 1188 949 <IV
1209 895 1322 949 334>
1348 910 1435 937 nee
1468 898 1516 938 te
1548 897 1729 952 regina
1759 899 1958 954 negabo
1991 915 2106 955 pro-

406 964 651 1006 meritam.
710 966 786 1007 alii
818 966 965 1007 dieunt
998 965 1236 1017 ‘militavi’‚
1268 969 1317 1008 ut
1349 982 1463 1008 aere
1495 971 1693 1010 merent
1723 984 1892 1024 parvo.

524 1036 620 1077 802.
670 1048 846 1077 RABIEM
868 1030 1056 1078 TANTAM
1078 1049 1304 1088 CAELIQVE
1326 1050 1559 1088 MARISQVE
1592 1042 1640 1080 ut
1665 1040 1710 1080 in
1741 1042 1880 1095 primo
1908 1042 2103 1098 legimus

526 1107 621 1148 803.
673 1120 721 1159 ΙΝ
755 1120 918 1150 TERRIS
952 1109 1080 1149 etiam
1111 1109 1156 1150 in
1187 1109 1333 1150 terris:
1365 1124 1465 1150 nam
1499 1114 1777 1165 augmentum
1810 1115 1885 1154 est.

524 1177 620 1218 808.
671 1190 719 1218 IN
752 1191 876 1219 MARE
911 1191 962 1221 SE
995 1191 1210 1222 XANTHVS
1244 1180 1388 1221 omnia
1419 1180 1525 1221 haee
1557 1180 1735 1222 Homeri
1767 1187 1878 1225 sunt.

526 1248 622 1289 809.
672 1260 762 1290 NEC
795 1262 870 1292 D1s
903 1262 993 1292 NEC
1023 1263 1204 1293 v1R113vs
1237 1263 1398 1301 AEQvls
1430 1250 1473 1292 id
1508 1253 1573 1292 est
1604 1251 1684 1293 diis
1716 1253 1893 1308 iniquis,
1925 1255 2006 1297 hoc
2038 1259 2103 1297 est

406 1317 612 1359 adversis:
646 1319 790 1361 litotes
823 1321 972 1376 figura.
1018 1326 1092 1363 aut
1124 1322 1225 1364 ‘non
1252 1322 1414 1377 aequis’
1446 1337 1533 1364 non
1560 1324 1730 1378 aequali
1756 1324 1923 1367 favore:
1955 1326 2101 1380 plures

406 1389 518 1429 enim
546 1388 719 1431 Graecis
754 1391 969 1433 favebant.
1020 1393 1071 1434 de
1104 1393 1315 1435 matribus
1349 1396 1511 1448 autem,
1542 1395 1588 1436 id
1610 1398 1668 1436 est
1689 1395 1855 1437 Thetide
1880 1399 1918 1437 et
1943 1396 2102 1449 Venere,

405 1459 655 1515 intellegere
687 1458 773 1503 non
804 1477 1054 1517 possumus,
1096 1464 1195 1518 quia
1227 1467 1269 1505 et
1301 1464 1481 1506 Thetide
1513 1465 1665 1507 melior
1696 1465 1840 1508 Venus
1874 1470 1956 1522 est,
1988 1470 2031 1509 et
2062 1469 2102 1510 ei

406 1532 620 1584 praesenti
653 1532 859 1588 derogare
891 1533 1036 1575 nollet.

523 1602 619 1643 810.
671 1614 883 1645 CVPEREM
916 1615 1009 1657 CVM
1042 1617 1258 1646 VERTERE
1289 1618 1348 1647 AB
1380 1617 1465 1647 ΙΜΟ
1500 1606 1611 1660 quod
1644 1608 1867 1661 proprium
1900 1609 1991 1652 eius
2024 1614 2100 1666 est,

405 1675 452 1713 ut
489 1672 559 1726 <II
593 1673 706 1727 610>
746 1689 1029 1730 magnoque
1073 1679 1240 1718 emota
1284 1677 1505 1718 tridenti
1550 1677 1882 1721 fundamenta
1920 1681 2100 1736 quatit.

405 1744 505 1785 hine
537 1748 585 1786 ut
618 1760 745 1799 supra
777 1746 979 1801 diximus,
1010 1747 1261 1802 ἐνοσίχθων
1294 1748 1432 1789 dietus
1466 1751 1542 1790 est.
1602 1752 1644 1790 et
1675 1749 1777 1791 feeit
1809 1754 2101 1807 augmentum,

405 1830 499 1856 cum
533 1831 576 1857 se
608 1817 879 1870 praestitisse
914 1818 1022 1859 dixit
1052 1819 1223 1860 iratum.

500 1949 518 1978 7
546 1945 671 1990 litora]
709 1956 834 1990 georg.
862 1946 893 1980 ΙΙ
921 1950 986 1981 112
1025 1948 1037 1991 ΙΙ
1076 1952 1116 1981 11
1145 1946 1210 1981 alii
1236 1946 1364 1981 dicunt
1389 1946 1564 1993 militavi]
1601 1947 1645 1983 cf.
1674 1948 1776 1983 Luet.
1803 1948 1904 1985 Plac.
1931 1950 1979 1984 ad
2004 1949 2098 1985 Stat.

406 1991 519 2026 Theb.
547 1991 597 2025 IV
624 1996 690 2026 237
717 1995 729 2036 ΙΙ
757 1993 856 2038 aere]
884 1994 970 2030 Luc.
997 1995 1030 2028 X
1056 1998 1123 2029 409

499 2114 515 2144 1
544 2111 772 2154 amputasset
798 2112 830 2146 G
860 2113 872 2156 [1
909 2112 1061 2158 delapsa
1086 2113 1137 2147 G:
1170 2113 1314 2158 selapsa
1339 2114 1429 2147 NH
1467 2114 1530 2147 sed
1564 2114 1669 2158 lapsa
1693 2114 1760 2148 Ln
1798 2114 1924 2159 elapsa
1952 2115 2006 2151 M.
2051 2116 2096 2158 cf.

403 2158 574 2201 mythoyvr.
608 2159 619 2202 ΙΙ
657 2160 829 2205 quorum]
859 2171 986 2194 curum
1012 2160 1045 2195 G
1075 2162 1087 2204 ΙΙ
1124 2165 1143 2194 2
1174 2159 1332 2195 afrodite
1358 2161 1449 2194 NH
1454 2161 1503 2194 M
1543 2161 1729 2196 afrondite
1755 2161 1788 2196 G
1832 2162 2003 2196 affrodite
2030 2163 2061 2195 L
2087 2174 2098 2207 1,

405 2202 479 2238 ἀπὸ
507 2205 575 2239 τοῦ
601 2203 726 2249 ἀφροῦ
753 2218 817 2240 om.
846 2206 889 2249 G,
915 2221 987 2242 arro
1013 2222 1079 2242 Toy
1107 2217 1203 2252 ΑφΡιι
1227 2208 1261 2241 L
1280 2209 1291 2253 ΙΙ
1311 2205 1454 2254 ἀφροῦ]
1479 2207 1518 2242 id
1544 2211 1600 2243 est
1625 2220 1756 2253 spuma
1780 2210 1931 2243 additur
1957 2210 2061 2253 vulyo

405 2256 426 2285 4
445 2252 600 2297 geritur]
628 2253 751 2297 agitur
770 2254 801 2288 G
821 2255 833 2298 ΙΙ
853 2259 872 2288 5
894 2255 1047 2300 salsum]
1069 2255 1224 2289 adsuum
1246 2255 1279 2290 G
1297 2258 1309 2300 Η
1329 2261 1348 2291 6
1369 2257 1512 2290 conitus
1532 2255 1564 2290 G
1603 2257 1717 2290 ceitus
1739 2256 1781 2290 H
1796 2258 1808 2300 ΙΙ
1827 2259 1883 2291 est
1901 2267 1966 2290 om.
1982 2256 2069 2290 NH
2087 2258 2099 2303 j}

407 2303 425 2333 7
452 2300 534 2333 ideo
561 2301 683 2334 autem
711 2327 716 2333 .
741 2329 747 2335 .
771 2329 777 2334 .
805 2301 988 2346 signifieat
1012 2303 1091 2337 hab.
1115 2303 1172 2346 M,
1199 2303 1388 2338 ediderunt
1414 2303 1618 2347 Stephanus
1643 2307 1675 2337 et
1701 2303 1899 2338 Fabricius
1917 2305 1929 2348 ΙΙ
1948 2307 1969 2338 8
1996 2304 2096 2339 celus

408 2347 454 2379 M
471 2346 484 2390 ΙΙ
503 2347 589 2381 deos
616 2347 648 2381 G
667 2348 679 2391 ΙΙ
698 2351 718 2380 9
745 2359 830 2382 nam
857 2360 921 2383 om.
950 2350 998 2383 M
1015 2352 1026 2393 ΙΙ
1046 2349 1244 2395 significat]
1273 2350 1369 2385 unde
1395 2352 1433 2385 et
1459 2347 1632 2393 Οὐρανός
1659 2350 1807 2385 Saturni
1832 2353 1939 2395 pater
1965 2362 2095 2395 graece

406 2394 540 2428 dieitur
564 2395 647 2428 add.
675 2395 712 2428 J)
731 2398 742 2438 Η
764 2399 805 2429 10
832 2407 899 2430 nee
925 2396 978 2441 te]
1005 2408 1207 2441 numquam
1241 2398 1422 2442 Veryilius
1440 2399 1451 2442 ΙΙ
1473 2402 1513 2431 11
1541 2408 1624 2432 aere
1650 2400 1766 2432 meret
1791 2398 1823 2431 G
1863 2398 2001 2444 aeressp‘s‘
2022 2410 2096 2432 me-

407 2444 489 2475 rent
514 2441 547 2474 L
586 2452 708 2476 aerem
735 2446 899 2477 emerent
925 2444 964 2477 H
989 2446 1001 2488 ΙΙ
1028 2449 1068 2478 13
1097 2445 1144 2478 ad
1170 2456 1199 2480 v.
1227 2447 1294 2479 806
1320 2446 1383 2479 hoe
1407 2446 1580 2479 scholium
1604 2446 1646 2478 in
1669 2456 1781 2489 mara.
1808 2446 1888 2479 hab.
1910 2445 1948 2479 Ι)
1988 2457 2096 2479 GEME-

406 2501 564 2526 RENTQVE
598 2502 743 2523 REPLETI
776 2503 886 2523 AMNES
918 2490 1098 2526 Homerus
1125 2492 1191 2534 (II.
1219 2492 1304 2525 XXI
1331 2494 1366 2536 9)
1400 2489 1440 2526 ἐν
1474 2488 1510 2525 δ’
1541 2491 1673 2526 ἔπεσον
1701 2520 1706 2526 .
1736 2521 1742 2527 ,
1772 2521 1778 2526 .
1805 2492 1888 2536 περὶ
1922 2493 2027 2532 δίνας
2059 2495 2097 2527 et

406 2535 516 2579 paulo
543 2538 627 2579 post
655 2540 726 2580 (15)
754 2531 804 2576 ὥς
830 2533 898 2570 ὑπ’
925 2534 1101 2582 Ἀχιλλῆος
1127 2566 1134 2572 .
1151 2565 1181 2574 ..
1210 2536 1387 2573 κελάδων.
1409 2541 1420 2583 ΙΙ
1442 2543 1484 2573 14
1510 2540 1558 2573 ad
1582 2551 1613 2573 υ.
1635 2542 1702 2574 808
1729 2540 1793 2573 hoc
1817 2540 1988 2573 scholium
2012 2540 2093 2574 hab.

406 2583 459 2615 D.-
495 2595 643 2616 mustum:
672 2596 698 2618 e.
727 2595 760 2627 q.
789 2596 814 2618 S.
843 2584 901 2618 1110
933 2585 1034 2619 locus
1065 2597 1109 2620 ex
1135 2585 1294 2620 Homero
1328 2588 1458 2631 captus
1490 2589 1548 2620 est
1579 2587 1642 2629 (II.
1670 2586 1737 2620 XX
1762 2589 1844 2630 320)
1881 2586 1931 2628 ἷξε
1960 2583 1997 2620 δ’
2025 2582 2093 2621 ὅθ’

405 2629 554 2669 Αἰνείας
580 2659 586 2665 .
610 2658 616 2664 .
640 2659 646 2666 .
674 2628 749 2665 ἀπὸ
776 2629 898 2675 χειρὸς
924 2630 1092 2675 ὀρούσας.
1113 2634 1124 2676 ΙΙ
1146 2637 1187 2667 15
1213 2634 1348 2668 scholia
1374 2634 1422 2668 ad
1446 2644 1499 2669 vv.
1520 2636 1587 2667 809
1609 2638 1676 2668 814
1702 2637 1770 2668 816
1797 2637 1875 2677 822,
1901 2636 1942 2668 in
1968 2635 2094 2669 deoetro

403 2678 464 2719 fol.
495 2681 580 2711 1523ι
604 2680 765 2722 margine
789 2680 944 2722 scripta,
970 2684 1192 2715 evanuerunt
1217 2681 1258 2714 in
1285 2680 1324 2714 F
1339 2683 1350 2725 ΙΙ
1380 2694 1443 2715 Nico
1470 2693 1539 2713 nus
1566 2694 1630 2714 Nnc
1657 2693 1794 2715 vuussvs
1820 2693 1947 2720 Asows
1973 2681 2010 2715 id
2037 2685 2095 2716 est

405 2724 474 2758 diis
505 2724 640 2768 iniquis
673 2726 743 2759 hoe
775 2728 830 2760 est
854 2726 1018 2760 aduersis
1044 2727 1172 2761 litotes
1197 2728 1314 2772 figura
1343 2728 1424 2762 Ml:
1460 2728 1529 2762 hoc
1555 2729 1609 2761 est
1635 2728 1798 2762 aduersis
1825 2728 1951 2763 litotes
1976 2728 2093 2773 figura

404 2784 467 2805 msc
494 2784 565 2805 Dus
592 2784 656 2805 Nnc
682 2785 822 2807 vnum-s
848 2785 977 2812 AEQws
1010 2774 1046 2808 id
1073 2775 1129 2808 est
1154 2774 1223 2808 diis
1249 2774 1383 2818 iniquis
1410 2775 1552 2816 NJJH,
1587 2776 1662 2809 nisi
1686 2776 1780 2819 quod
1806 2775 1949 2810 littores
1976 2775 2092 2819 figura

406 2818 436 2851 L
473 2818 600 2853 litores
625 2819 743 2863 figunt
771 2821 807 2853 Il
845 2822 882 2854 et
906 2820 976 2854 diis
1002 2832 1066 2855 om.
1083 2822 1125 2854 H
1140 2823 1152 2866 ΙΙ
1175 2826 1214 2855 17
1242 2822 1278 2855 id
1305 2823 1362 2855 est
1387 2822 1542 2856 Thetide
1569 2824 1606 2856 et
1632 2822 1773 2856 Venere
1798 2823 1878 2857 hab.
1896 2823 1953 2864 M,
1979 2823 2093 2857 edidit

404 2866 607 2909 Stephanus
626 2866 638 2910 ss
660 2870 700 2901 18
728 2869 766 2901 et
791 2867 964 2912 Thetide]
992 2879 1011 2902 e
1037 2868 1177 2903 thetide
1207 2869 1254 2909 N,
1281 2870 1318 2902 et
1342 2880 1406 2904 om.
1428 2869 1468 2902 H
1485 2870 1496 2913 ΙΙ
1515 2872 1560 2903 20
1585 2882 1654 2903 cvm
1680 2881 1835 2903 vaurms
1862 2868 1917 2902 F:
1942 2881 2091 2903 coxvmz-

405 2925 491 2946 ‘rann
517 2913 699 2947 NLHM
716 2916 728 2958 ΙΙ
753 2914 829 2948 eius
855 2916 912 2948 est
938 2914 1086 2949 FLM:
1112 2918 1167 2949 est
1192 2916 1268 2949 eius
1294 2916 1385 2949 NH
1405 2917 1416 2960 ΙΙ
1444 2920 1485 2949 21
1514 2916 1570 2961 ut]
1597 2918 1639 2950 ut
1663 2916 1700 2950 in
1725 2917 1759 2950 L
1782 2916 1794 2960 ΙΙ
1825 2920 1868 2950 22
1896 2917 1936 2950 ut
1963 2916 2029 2949 M:
2055 2918 2093 2951 et

405 2961 445 2992 ut
464 2960 503 2992 F
533 2962 570 2994 et
588 2960 667 2993 NL
677 2961 715 3005 H
747 2964 788 2995 ut
813 2963 850 2996 et
868 2974 894 2996 oz
912 2963 924 3006 ΙΙ
943 2962 1099 2997 diximus
1125 2963 1234 2996 FM:
1260 2963 1350 2997 dicit
1374 2963 1454 2997 NL
1492 2962 1561 2997 diis
1588 2963 1658 3008 ΗΙΙ
1677 2963 1893 2998 enosicthon
1920 2962 1959 2996 F
1988 2965 2090 2998 etno-

405 3006 548 3041 shicton
573 3007 615 3040 N
650 3008 838 3043 enosicton
864 3009 956 3043 LM
992 3010 1196 3044 etnosicton
1222 3009 1291 3054 ΠΙΙ
1310 3011 1395 3045 hinc
1423 3038 1428 3043 .
1458 3038 1464 3044 .
1490 3039 1496 3045 .
1524 3009 1659 3055 dietus]
1685 3010 1772 3044 hinc
1797 3010 1835 3044 et
1861 3007 2091 3054 ἐννοσίγαιος

404 3053 522 3087 dictus
550 3052 692 3094 ἔννοσις
719 3055 815 3089 enim
842 3057 1098 3100 conquassatio
1125 3056 1260 3091 dicitur
1285 3057 1332 3090 D.
1360 3059 1439 3101 (pro
1467 3056 1610 3096 ἕννοσις
1636 3086 1641 3092 .
1667 3085 1673 3091 .
1695 3086 1701 3092 .
1730 3057 1864 3091 dieitur
1892 3056 2091 3092 Fabricius

405 3111 447 3134 eo
474 3102 569 3143 quod
596 3103 731 3136 terram
758 3103 902 3147 quatiat
926 3105 1051 3147 edidit)
1070 3105 1082 3149 ΙΙ
1101 3105 1138 3138 et
1162 3103 1266 3148 feeit]
1293 3103 1382 3138 feeit
1407 3106 1531 3138 autem
1557 3104 1684 3148 11‘1123
1711 3103 1959 3148 praestitisset
1984 3104 2023 3138 F
