2204 3437
542 173 691 209 COMM.
718 173 770 207 IN
795 171 936 207 VERG.
963 171 1071 205 AEN.
1098 171 1141 206 ΙΙ.
1169 173 1320 204 80-84.
1689 169 1770 207 2:31

83 298 178 325 cum
217 282 364 323 Ulixes
408 281 717 322 frumentatum
754 280 909 321 missus
948 278 999 319 ad
1039 277 1264 318 Thraciam
1303 276 1414 316 nihil
1452 275 1711 329 advexisset,
1751 290 1775 316 a

84 352 312 394 Palamede
346 354 412 393 est
443 352 717 393 veliementer
749 349 997 403 increpitus.
1036 350 1078 388 et
1110 362 1205 388 cum
1238 347 1398 387 diceret
1430 346 1532 387 adeo
1566 360 1651 386 non
1684 360 1775 386 esse

82 422 400 477 neglegentiam
435 436 572 476 suam,
605 425 651 463 ut
682 436 734 462 ne
767 421 857 474 ipse
890 418 1060 473 quidem
1091 418 1127 458 si
1153 420 1349 472 pergeret
1376 417 1602 470 quicquam
1629 418 1776 469 posset

84 493 308 546 advehere,
347 491 561 546 profectus
600 491 847 533 Palamedes
886 489 1056 530 infinita
1094 488 1308 529 frumenta
1349 486 1527 527 devexit.
1592 500 1674 539 qua
1713 485 1774 526 in-

83 564 198 605 vidia
229 563 377 604 Ulixes
418 562 551 604 auctis
590 561 825 602 inimicitiis
867 560 1011 600 fictam
1051 558 1280 611 epistolam
1312 557 1474 598 Priami
1511 556 1683 596 nomine
1723 555 1775 596 ad

82 633 373 686 Palamedem,
406 648 480 686 per
515 647 640 686 quam
674 631 828 686 agebat
861 629 1023 684 gratias
1057 628 1314 682 proditionis
1343 630 1384 668 et
1410 626 1776 668 commemorabat

84 706 293 746 secretum
326 703 418 743 auri
450 702 614 756 pondus
659 715 749 742 esse
781 700 1101 753 transmissum,
1141 698 1257 739 dedit
1296 698 1485 751 captivo,
1524 699 1566 738 et
1605 711 1698 737 eum
1732 697 1777 736 in

83 775 236 816 itinere
267 773 369 814 fecit
401 772 546 813 occidi.
608 772 714 813 haec
745 771 920 812 inventa
959 784 1076 810 more
1115 768 1294 809 militiae
1332 768 1426 821 regi
1459 767 1604 807 adlata
1637 770 1701 807 est
1734 769 1776 807 et

83 846 194 886 lecta
224 842 490 897 principibus
525 842 784 883 convocatis.
845 843 946 882 tunc
978 839 1125 881 Ulixes
1168 853 1263 879 cum
1298 852 1342 878 se
1374 837 1593 878 Palamedi
1627 837 1774 877 adesse

83 914 323 967 simularet,
356 913 439 967 ait,
472 912 507 954 si
540 926 687 953 verum
721 926 811 952 esse
845 911 1035 964 creditis,
1067 910 1110 950 in
1142 909 1328 950 tentorio
1358 908 1445 948 eius
1474 921 1622 948 aurum
1650 921 1773 960 quae-

83 987 213 1026 ratur.
276 999 359 1038 quo
402 983 516 1025 facto
562 984 734 1024 invento
777 997 901 1037 auro,
946 982 1058 1036 quod
1101 982 1192 1035 ipse
1237 994 1312 1034 per
1353 981 1520 1020 noctem
1566 977 1776 1031 corruptis

85 1055 218 1096 servis
270 1054 573 1106 absconderat,
623 1053 872 1094 Palamedes
923 1052 1136 1106 lapidibus
1188 1051 1467 1104 interemptus
1519 1051 1593 1089 est.
1666 1048 1779 1089 hunc

17 1179 20 1181 Α
83 1129 226 1168 autem
266 1128 433 1167 constat
472 1124 603 1166 fuisse
639 1124 903 1178 prudentem.
963 1137 1063 1163 nam
1103 1124 1144 1163 et
1183 1121 1377 1163 tabulam
1408 1120 1498 1174 ipse
1532 1119 1694 1160 invenit
1726 1119 1779 1159 ad

83 1196 409 1251 conprimendas
443 1195 572 1236 otiosi
605 1194 833 1235 seditiones
867 1194 1096 1247 exercitus,
1127 1195 1175 1233 ut
1210 1191 1348 1233 Varro
1381 1192 1579 1231 testatur.
1635 1203 1778 1230 secun-

82 1268 181 1308 dum
209 1266 415 1321 quosdam
442 1265 531 1319 ipse
559 1264 748 1319 repperit
773 1264 954 1304 litteras,
1005 1276 1111 1317 quae
1138 1277 1204 1303 res
1230 1261 1343 1303 forte
1371 1261 1427 1302 sit
1454 1259 1602 1314 dubia,
1634 1262 1779 1301 tamen

83 1340 244 1379 certum
279 1339 344 1377 est
370 1351 391 1375 κε
411 1352 435 1390 χ
469 1336 521 1377 ab
554 1335 633 1376 hoc
666 1335 864 1375 inventas
898 1349 992 1374 cum
1024 1333 1052 1373 h
1079 1332 1353 1387 aspiratione.

200 1408 266 1449 82.
317 1419 503 1448 INCLITA
535 1417 708 1448 GLORIA
738 1407 915 1459 propter
948 1404 1151 1445 dilectum
1185 1406 1227 1444 et
1257 1403 1486 1444 frumenta.

201 1479 266 1520 83.
317 1489 461 1518 FALSA
495 1488 577 1518 SVB
609 1487 893 1518 PRODITIONE
934 1475 1011 1516 sub
1050 1475 1160 1516 falso
1195 1474 1371 1515 crimine
1403 1473 1673 1527 proditionis,
1736 1475 1779 1514 et

80 1564 169 1590 rem
202 1551 350 1590 notam
388 1562 464 1601 per
502 1547 735 1588 transitum
774 1546 895 1600 dicit3
937 1545 1046 1586 unde
1080 1547 1122 1586 et
1158 1544 1286 1598 paulo
1324 1546 1423 1598 post
1461 1543 1595 1584 ‘haud
1627 1543 1778 1597 ignota

82 1618 261 1674 loquor’.
330 1632 588 1672 quamquam
627 1617 687 1658 ibi
727 1616 865 1670 possit
908 1615 1122 1669 intellegi,
1166 1614 1280 1655 haud
1324 1613 1474 1667 ignota
1517 1613 1659 1667 nobis,
1705 1613 1778 1653 sed

83 1690 193 1731 forte
221 1689 351 1730 etiam
379 1688 432 1729 ad
457 1703 532 1730 vos
560 1688 701 1742 potuit
732 1686 964 1740 pervenire.
1017 1685 1233 1726 sciendum
1261 1699 1361 1725 sane
1388 1683 1548 1724 factum
1574 1683 1654 1724 1100
1680 1698 1777 1724 vere

85 1763 126 1802 et
158 1760 365 1801 Troianos
399 1759 540 1800 scisse.
591 1758 662 1799 sed
696 1756 831 1799 Sinon
864 1756 1015 1798 callide
1049 1755 1170 1810 quasi
1203 1754 1504 1809 ignorantibus
1539 1768 1645 1808 quae
1678 1768 1779 1794 vera

84 1823 182 1872 simt
214 1830 334 1884 dicit,
366 1831 415 1870 ut
446 1829 573 1870 fidem
606 1828 882 1883 sequentibus
914 1827 1057 1868 faciat.
1178 1842 1341 1867 I'ELASGI
1369 1839 1395 1865 α
1426 1824 1595 1878 Pelasgo
1630 1824 1779 1865 Terrae

83 1902 187 1953 filio,
219 1901 289 1953 qztc'-
323 1901 365 1941 in
396 1900 583 1940 Arcadia-
609 1899 768 1952 (senibus
799 1899 964 1952 dicitur,
996 1901 1042 1938 ul
1072 1896 1277 1938 Hesiodus
1309 1896 1445 1936 tradit.

201 1972 266 2013 84.
318 1982 527 2011 INFANDO
560 1981 740 2010 INDICIO
779 1971 954 2023 propter
994 1982 1144 2008 aurum
1180 1962 1297 2007 olam*
1322 1965 1601 2019 suppositum.
1694 1964 1776 2005 ‘in-

83 2041 207 2083 dicio'
240 2045 373 2083 autem
405 2041 612 2082 delatione.
722 2051 828 2089 QVIA
854 2050 1005 2080 BELLA
1032 2049 1246 2079 VETABAT
1279 2036 1366 2077 iam
1397 2036 1478 2077 1100
1509 2036 1667 2076 falsum
1701 2037 1778 2088 est,

84 2113 155 2154 sed
187 2112 342 2153 dicitur
374 2111 426 2152 ad
459 2110 628 2152 Sinonis
661 2109 1092 2159 commendationem3
1130 2122 1229 2149 ‘nam
1261 2108 1389 2149 aliam
1421 2107 1466 2147 ol)
1498 2119 1664 2147 causam
1696 2105 1778 2145 Pa-

181 2231 222 2260 13
249 2237 335 2260 nam
361 2228 399 2261 et
421 2227 588 2262 tabulam
615 2256 621 2263 .
650 2254 656 2260 .
685 2254 691 2260 .
719 2225 896 2271 testatur]
924 2224 969 2261 cf.
995 2224 1079 2258 Isid.
1108 2235 1156 2258 or.
1184 2223 1304 2257 XVIII
1331 2226 1375 2256 60
1399 2224 1411 2266 Η
1437 2226 1481 2256 24
1507 2221 1704 2266 Hesiodus]
1733 2221 1776 2255 cf.

83 2273 213 2317 fragm,
242 2277 284 2307 55
312 2285 368 2317 ap.
396 2273 651 2308 Marckscheff.
679 2276 727 2318 (p.
755 2274 837 2317 301)

182 2384 196 2412 1
224 2379 373 2412 tratiam
395 2379 427 2411 L
459 2378 614 2413 traicam
636 2379 674 2412 H
710 2377 856 2412 Troiam
883 2378 1045 2423 mythoyr
1066 2377 1092 2409 I
1110 2377 1121 2420 ΙΙ
1141 2375 1328 2410 adfixisset
1348 2374 1391 2408 H
1405 2375 1417 2418 ΙΙ
1436 2378 1457 2407 4
1484 2373 1688 2418 palamedis
1709 2373 1751 2406 Η
1770 2387 1778 2417 Ξς

86 2431 105 2459 5
132 2426 256 2459 fictam
282 2438 325 2459 ea:
350 2426 487 2460 factam
513 2426 545 2458 L
564 2427 575 2470 ΙΙ
602 2430 621 2460 6
647 2437 712 2469 per
738 2436 847 2468 quem
873 2425 959 2458 LH
993 2426 1115 2467 (quam
1143 2424 1167 2461 l)
1193 2423 1204 2466 ΙΙ
1233 2427 1251 2456 7
1281 2421 1479 2465 secretum]
1508 2422 1646 2454 certum
1673 2420 1777 2453 Guel-

83 2473 171 2515 ferb.
194 2473 220 2505 I
237 2473 248 2516 ΙΙ
268 2476 288 2506 8
314 2472 418 2517 fecit]
445 2472 553 2506 iussit
580 2474 682 2516 rulgso
702 2473 713 2516 Η
733 2472 858 2506 adlata
878 2471 934 2505 H:
960 2471 1075 2505 allata
1095 2470 1183 2503 LM
1209 2470 1380 2513 fnzythoqr.
1408 2469 1430 2501 I
1455 2467 1581 2501 oblata
1606 2467 1777 2511 myllcofflz

88 2521 140 2553 II
164 2522 196 2553 et
222 2520 401 2561 Guelferb.
426 2520 479 2552 II
504 2523 584 2553 teste
609 2520 728 2553 Bodio
747 2520 759 2562 Η
780 2523 820 2552 11
849 2519 886 2552 et
911 2517 1060 2551 invento
1089 2517 1267 2558 Guelferb.
1297 2516 1322 2548 J
1356 2515 1579 2557 inventoque
1606 2514 1777 2557 oiiytlzoslr.

86 2567 139 2599 H
157 2567 169 2610 ΙΙ
192 2570 231 2599 12
260 2566 483 2600 abconderet
501 2567 534 2600 L
560 2566 819 2612 (absconderat
838 2567 862 2609 l)
882 2566 894 2609 ΙΙ
916 2569 956 2599 13
984 2565 1103 2598 aleam
1130 2563 1296 2597 tabulam
1333 2562 1363 2594 V
1364 2563 1531 2595 ossiaoms
1555 2561 1778 2599 Bao-onmem,

86 2614 169 2647 inde
195 2613 316 2647 aleam
342 2624 385 2647 ac
410 2613 576 2647 tabulam
603 2614 693 2647 oom'.
720 2613 961 2646 Bmwzamzus
989 2613 1001 2655 ΙΙ
1034 2615 1077 2644 14
1102 2611 1277 2655 testatur]
1305 2609 1396 2643 dicit
1423 2609 1465 2642 M
1496 2609 1508 2652 Η
1542 2613 1583 2642 16
1611 2609 1779 2641 lacmzam

85 2661 258 2695 indicavi.
306 2660 394 2705 sssssx
415 2661 448 2693 L
480 2661 587 2702 (duae
612 2661 750 2694 litterae
775 2660 906 2693 deletae
929 2661 1027 2701 sunt)
1054 2671 1073 2702 χ
1100 2657 1143 2691 H
1149 2658 1194 2690 M
1203 2657 1241 2690 E
1264 2656 1515 2701 mythoqraphi
1540 2657 1610 2697 θφ
1626 2667 1644 2698 χ
1673 2655 1777 2687 Guel-

85 2707 173 2749 ferb.
201 2707 227 2739 Ι
258 2709 339 2741 teste
369 2708 498 2741 Boclio.
549 2709 594 2749 cf.
636 2707 815 2740 Victorini
846 2718 878 2740 a.
918 2717 1065 2749 mamm.
1094 2716 1132 2748 2).
1163 2708 1244 2746 194,
1275 2708 1316 2737 14
1342 2706 1383 2737 K.
1417 2706 1449 2736 et
1480 2702 1595 2735 Keilii
1627 2702 1776 2735 ‹alnotu-

85 2754 145 2788 tio.
199 2766 217 2785 o
235 2761 294 2796 <px
330 2753 377 2787 ab
410 2754 480 2788 hoc
514 2753 682 2788 inventas
715 2765 797 2787 cum
822 2766 845 2786 H
871 2753 962 2787 coni.
990 2752 1036 2785 F.
1064 2752 1260 2785 sclioellz'us
1297 2748 1520 2793 aspiratione
1556 2748 1738 2781 secludens

86 2800 257 2834 inuentas
283 2800 367 2833 LH
395 2801 573 2842 Guelferb.
603 2802 645 2833 I:
675 2800 864 2834 inuentam
893 2800 935 2833 M
969 2800 1142 2843 mytlzogjr.
1171 2798 1197 2831 Ι
1238 2797 1431 2830 inuentum
1457 2796 1496 2828 E
1525 2795 1696 2838 mythoqr.
1728 2794 1780 2826 II

64 2881 66 2883 .
87 2847 292 2890 (inuentam
313 2848 342 2889 e)
361 2848 373 2891 ll
393 2848 416 2880 h
443 2847 666 2891 aspiratione
692 2847 790 2880 LH:
816 2846 1040 2890 aspiratione
1070 2846 1115 2878 M
1123 2845 1161 2878 E
1186 2843 1447 2887 mythofflaphl.
1474 2842 1642 2884 respectu
1670 2840 1690 2872 k
1719 2840 1776 2872 lit-

87 2895 187 2928 terae
217 2892 293 2927 sine
320 2894 544 2937 aspiratione
570 2894 652 2927 add.
685 2894 718 2926 I)
737 2895 748 2937 Η
778 2898 816 2927 17
845 2894 892 2927 ad
917 2904 947 2926 v.
976 2897 1018 2927 82
1046 2891 1178 2925 Inclita
1203 2890 1335 2934 gloria]
1363 2890 1513 2932 propter
1539 2887 1713 2920 dilectum
1741 2889 1778 2920 et

87 2940 282 2974 frumenta.
310 2940 345 2973 P
365 2941 376 2984 ΙΙ
408 2953 554 2975 1110111111
581 2940 697 2974 GLH
720 2942 731 2983 Η
765 2944 805 2973 18
833 2941 880 2974 acl
904 2951 935 2974 v.
963 2942 1006 2973 83
1033 2938 1196 2982 Pelasgi}
1223 2949 1244 2971 a
1270 2937 1427 2979 Pelasgo
1456 2964 1461 2969 .
1492 2961 1497 2967 .
1526 2963 1531 2968 .
1560 2933 1684 2967 tradit.
1713 2933 1748 2966 P
1776 2958 1777 2967 1

89 2992 133 3021 20
160 2986 238 3030 sed]
260 2987 290 3020 si
310 2987 343 3020 L
361 2988 372 3032 ΙΙ
394 2992 436 3022 21
458 2987 644 3022 sciendum
668 2998 731 3020 om.
753 2987 796 3029 L,
822 2998 920 3030 supr.
942 2996 1027 3020 vers.
1050 2986 1133 3019 add.
1155 2986 1166 3018 l
1184 2985 1196 3027 Η
1216 2994 1299 3017 uere
1320 2994 1336 3016 c
1354 2993 1453 3025 supr.
1473 2992 1578 3016 ffers„-
1605 2991 1668 3013 om.
1687 2980 1731 3013 M
1742 2980 1779 3012 E

88 3034 180 3068 bene
208 3033 239 3066 G
273 3033 398 3068 uenire
425 3035 458 3067 L
495 3034 619 3069 uenire
646 3034 687 3066 H
716 3034 727 3077 ΙΙ
761 3037 804 3067 22
831 3034 872 3067 ut
898 3033 927 3067 (J
963 3033 1015 3075 (et
1042 3031 1097 3074 ΟΖ)
1124 3032 1135 3074 Η
1166 3035 1209 3064 24
1236 3028 1412 3063 archadia
1439 3027 1469 3061 Ο
1489 3028 1501 3071 ΙΙ
1532 3031 1574 3061 25
1603 3027 1650 3060 acl
1675 3038 1704 3061 v.
1733 3031 1777 3060 84

91 3105 242 3141 Infando
261 3104 415 3150 indicio]
441 3105 590 3150 propter
610 3115 738 3138 aurum
760 3132 766 3138 .
789 3131 795 3138 .
818 3131 825 3138 .
846 3102 966 3147 periit.
990 3102 1025 3135 P
1041 3103 1053 3145 ΙΙ
1072 3106 1116 3135 26
1137 3099 1239 3145 ρνιΑ]
1261 3111 1351 3137 QVAE
1372 3098 1407 3132 P
1420 3099 1432 3142 ΙΙ
1451 3101 1493 3132 27
1515 3096 1721 3142 paladimes
1743 3097 1778 3131 P

1804 915 1844 944 10

1807 1267 1848 1297 15

1804 1620 1848 1649 20

1804 1972 1846 2002 25
