2204 3437
438 179 524 220 372
895 214 899 219 .
1204 180 1365 215 SERVII

439 299 487 328 IN
519 298 667 329 ASTRA
700 299 909 330 NEPOTES
949 288 1165 342 signifieat
1204 288 1359 329 Gaium
1389 287 1548 328 Iulium
1579 285 1822 342 Caesarem,
1861 288 1933 342 qui
1969 288 2130 342 primus

438 359 548 399 inter
580 358 680 400 deos
712 359 874 400 relatus
908 362 983 401 est.
1040 362 1082 400 et
1114 360 1221 401 bene
1254 359 1320 400 ‘in
1352 358 1503 413 astra'‚
1536 358 1653 400 ouius
1686 358 1803 400 sidus
1835 359 2052 413 apparuit,
2083 361 2148 411 ut

439 443 552 471 ecee
584 429 802 471 Dionaei
833 430 1090 483 processit
1122 429 1360 471 Caesaris
1394 432 1598 471 astrum.
2000 439 2002 441 '

558 500 653 541 159.
703 512 811 541 VRBI
843 500 1007 541 Romae
1038 497 1132 542 κατ’
1169 498 1344 555 ἐξοχὴν,
1377 503 1425 541 ut
1457 515 1586 554 supra
1617 500 1665 553 <I
1690 499 1803 554 258>
1835 500 2031 542 diximus.

391 578 411 608 5
438 562 608 612 MAGNIS
641 570 685 611 id
718 574 783 611 est
814 572 1054 625 nepotibus.
1104 573 1146 613 et
1177 572 1337 612 bonum
1363 572 1562 612 ornatum
1588 586 1613 612 a
1639 571 1848 613 sermonis
1880 570 1984 612 feeit
2016 570 2130 611 simi-

436 641 615 683 litudine
643 641 835 696 ‘magnis
862 656 1019 697 magna
1043 642 1169 696 para'
1202 642 1392 683 dicendo.
1443 640 1644 695 tmayrnz's’
1677 655 1766 683 vero
1791 642 1898 683 dixit
1921 642 1980 683 vel
2003 655 2130 694 pena-

438 712 560 763 tibus,
603 716 650 753 ut
687 711 869 765 ‘maenis
906 712 1018 762 diis',
1064 713 1123 754 rel
1165 713 1382 766 nepotibus.
1443 716 1481 753 et
1521 713 1578 754 ad
1617 712 1935 754 exhortationem
1971 711 2131 753 Aeneae

429 783 609 836 pertinet
639 780 833 838 (Wmagyna
855 782 1019 839 para').

558 853 652 895 160.
702 865 855 895 FVGAE
896 854 1186 908 profectionis.
1246 855 1381 896 dicens
1417 858 1553 895 autem
1585 853 1746 908 ‘fuyae'
1785 855 1943 896 videtur
1979 854 2131 895 crimen

369 931 410 961 10
431 925 680 976 proditionis
711 939 910 967 easeusare.

557 996 653 1037 161.
701 1007 957 1037 MVTANDAE
984 1008 1127 1038 SEDES
1155 999 1455 1051 argumentum
1477 1012 1501 1038 a
1519 996 1786 1038 necessitate.
1837 996 1964 1037 simul
1992 996 2130 1050 argui-

435 1068 506 1107 tur
539 1081 658 1108 error
678 1066 905 1109 Anchisae.
955 1068 1058 1109 ordo
1092 1070 1235 1109 autem
1268 1072 1333 1110 est
1366 1068 1536 1110 ‘Delius
1557 1066 1752 1122 Apollo⁷.
1860 1084 2000 1109 SVASIT
2026 1067 2131 1108 deest

435 1135 614 1189 ‘eapere'.
1036 1126 1042 1130 ⁸

554 1208 649 1249 162.
700 1211 861 1261 CRETAE]
902 1223 984 1251 non
1021 1211 1079 1251 sie
1115 1211 1264 1251 (licitur
1302 1208 1498 1260 eC'retae'>
1541 1209 1877 1262 quemadmodum
1909 1207 2128 1249 ‘Romae's

363 1286 405 1316 15
433 1291 558 1330 neque
587 1280 696 1320 enim
727 1280 836 1334 bene,
867 1281 972 1321 sieut
1000 1282 1151 1322 dietum
1177 1283 1249 1335 est,
1279 1281 1366 1321 sine
1393 1280 1690 1333 praepositione
1719 1280 1879 1321 msulae
1902 1282 2129 1333 ponuntur,

428 1350 513 1390 nist
541 1349 617 1391 hae
654 1353 814 1391 tantum
851 1365 953 1403 quae
989 1352 1166 1392 eiusdem
1196 1352 1376 1392 nominis
1407 1352 1586 1392 civitates
1616 1350 1762 1392 habent
1791 1352 1818 1402 ἢ
1834 1354 1871 1392 et
1899 1351 1979 1392 deli
2009 1351 2129 1404 quasi

431 1419 572 1461 zabini.
1653 1474 1657 1479 ι

552 1492 645 1533 163.
696 1503 780 1534 EST
814 1504 957 1535 LOCVS
991 1496 1039 1535 ut
1071 1495 1170 1535 ante
1202 1494 1251 1547 <I
1283 1493 1396 1546 530>
1429 1493 1634 1546 diximus,
1671 1493 1792 1534 totius
1825 1492 1941 1534 orbis
1975 1506 2127 1546 conpa-

431 1563 610 1604 ratione.
731 1575 996 1605 HESPERIAM
1028 1564 1148 1605 deest
1179 1563 1365 1618 ‘quam'‚
1397 1566 1446 1605 ut
1478 1579 1608 1617 supra
1640 1563 1689 1617 <I
1726 1564 1788 1617 12,
1821 1563 1936 1617 530>
1970 1563 2130 1605 dietum

359 1641 404 1672 20
434 1635 510 1675 est.
633 1645 907 1677 COGNOMINE
945 1636 998 1677 ab
1037 1635 1252 1690 Hespero,
1291 1634 1529 1689 Hispaniae
1565 1648 1686 1690 rege:
1730 1634 1799 1676 vel
1838 1634 1966 1675 stella
2003 1648 2131 1688 quam

433 1704 660 1746 intuentur
690 1708 885 1759 petentes
918 1705 1103 1747 Italiam.

555 1776 649 1817 164.
695 1794 867 1824 ANTJQrA
898 1777 1062 1831 nobilis,
1094 1780 1141 1817 ut
1170 1777 1256 1818 iam
1287 1777 1439 1818 dietum
1470 1780 1527 1817 est
1556 1776 1603 1829 <1
1630 1775 1754 1829 530>

555 1847 648 1889 165.
695 1859 901 1890 OENOTRI
926 1848 995 1890 vel
1022 1863 1046 1889 a
1072 1861 1190 1902 rege,
1216 1848 1284 1889 vel
1311 1863 1335 1889 a
1362 1848 1475 1889 vino.
1524 1847 1647 1888 Italis
1675 1846 1788 1888 enim
1807 1845 1970 1900 primus
1997 1845 2129 1887 vitem

435 1918 624 1959 ostendit
645 1917 873 1973 Saturnus,
903 1921 952 1960 ut
983 1919 1028 1960 in
1061 1919 1244 1973 septimo
1267 1918 1407 1973 <179>
1433 1918 1618 1972 legimus
1644 1917 1894 1959 vitisator
1926 1930 2131 1958 curvam

359 1996 403 2027 25
437 2003 647 2030 servans
681 1990 771 2030 sub
805 1990 1028 2044 imagine
1059 1990 1242 2031 falcem
1274 1989 1616 2042 Saturnusque
1646 2002 1801 2030 seneoe.

557 2060 650 2100 166.
700 2077 866 2101 [mamis
891 2077 1048 2101 DIXISSE
1077 2061 1171 2102 bene
1195 2061 1335 2101 omnia
1358 2060 1510 2101 Italiae
1535 2060 1704 2101 nomina
1729 2060 1774 2100 in
1801 2071 1931 2099 unum
1962 2058 2131 2100 eontulit

427 2133 595 2182 propter
625 2144 800 2171 errorem
831 2131 1004 2172 Aeneae.

555 2202 651 2243 167.
699 2213 928 2243 PROPRIAE
964 2214 1104 2244 SEDES
1137 2204 1387 2257 perpetuae,
1420 2202 1520 2256 quia
1550 2202 1742 2242 infirmas
1775 2203 1818 2242 et
1849 2201 1893 2242 in
1925 2198 2055 2241 Creta
2087 2202 2130 2240 et

433 2272 477 2313 in
516 2271 703 2314 Thracia
742 2273 942 2314 condidit.
1081 2285 1192 2315 HINC
1230 2284 1480 2314 DARDANVS
1521 2284 1669 2315 ORTvs
1702 2282 1947 2321 IASIVSQVE
1980 2282 2131 2312 PATER

528 2405 547 2434 3
576 2401 676 2447 eece]
703 2401 784 2438 bue.
810 2402 861 2436 IX
888 2406 931 2437 47

531 2524 546 2553 1
577 2519 725 2565 Gaium]
753 2531 787 2564 g.
816 2519 856 2553 F
890 2520 1013 2555 caium
1038 2520 1072 2554 L
1090 2521 1102 2565 ΙΙ
1131 2525 1150 2554 2
1178 2520 1255 2555 eius
1283 2521 1332 2554 M
1355 2520 1474 2564 (cuius
1500 2522 1547 2563 m)
1568 2521 1620 2563 114
1645 2521 1688 2554 ut
1712 2529 1823 2562 supra
1848 2517 2007 2552 diximus
2033 2529 2128 2551 κατα

434 2563 566 2609 ἐξοχήν
596 2567 643 2600 M
659 2568 710 2611 115
738 2578 760 2600 a
786 2567 963 2602 sermonis
990 2567 1080 2602 feeit
1105 2567 1347 2601 similitudine
1374 2568 1431 2601 II:
1457 2580 1484 2603 s.
1511 2567 1536 2601 f.
1563 2566 1842 2601 similitudinem
1870 2564 1909 2598 F
1931 2576 1953 2598 a
1980 2576 2006 2598 s.
2032 2564 2056 2598 f.
2084 2563 2131 2598 si-

432 2613 682 2647 militudinem
707 2614 741 2647 L
780 2626 806 2648 s.
840 2614 862 2647 f.
892 2614 1132 2648 similitudine
1155 2615 1203 2648 M
1209 2615 1248 2648 E
1282 2616 1293 2658 ΙΙ
1331 2619 1350 2649 6
1378 2614 1523 2659 magnis
1548 2625 1636 2648 uero
1663 2613 1756 2647 dixit
1781 2612 1841 2646 uel
1866 2611 2062 2656 penatibus
2089 2612 2130 2645 ut

431 2659 576 2705 magnis
611 2660 681 2694 diis
716 2661 778 2695 uel
808 2661 1006 2705 nepotibus
1039 2662 1103 2695 sed
1135 2661 1182 2696 ad
1214 2661 1505 2696 exhortationem
1532 2672 1669 2696 aeneae
1695 2659 1856 2705 pertinet
1880 2670 2016 2703 magna
2040 2669 2130 2702 para

432 2707 586 2742 dicendo
615 2707 654 2741 F
683 2709 694 2751 ΙΙ
726 2709 774 2742 ad
805 2708 951 2752 magnis
976 2719 1076 2752 supr.
1103 2719 1190 2742 rer-s.
1224 2708 1420 2753 nepotibus
1452 2709 1513 2743 uel
1544 2707 1738 2753 penatibus
1768 2707 1800 2740 T
1828 2707 1840 2750 ΙΙ
1872 2711 1890 2740 7
1917 2708 1955 2740 et
1980 2705 2127 2749 scripsi:

434 2755 498 2789 sed
526 2754 565 2788 F
580 2755 592 2798 ss
612 2760 631 2790 9
659 2756 707 2789 ad
732 2755 842 2800 fugae
868 2766 967 2799 supr.
995 2766 1081 2790 vers.
1109 2755 1347 2799 profectionis
1373 2759 1404 2790 et
1430 2756 1585 2790 dicendo
1611 2755 1720 2800 fugae
1747 2753 1886 2788 crimen
1909 2751 2129 2797 proditionis

432 2802 580 2836 uidetur
613 2813 784 2836 excusare
815 2802 847 2836 T
869 2803 880 2846 ΙΙ
909 2807 950 2836 12
978 2803 1093 2848 error]
1122 2814 1208 2847 ergo
1237 2803 1276 2836 F
1298 2805 1309 2848 ΙΙ
1335 2803 1423 2838 ordo
1450 2831 1457 2837 .
1486 2831 1492 2837 .
1521 2831 1528 2838 .
1554 2802 1689 2847 Apollo
1716 2812 1795 2836 eum
1819 2799 1946 2835 Delius
1973 2800 2131 2833 lemmate

430 2853 511 2892 post
537 2860 668 2893 capere
693 2850 773 2884 hab.
801 2849 848 2884 F.
886 2863 931 2884 m:
957 2863 1036 2884 Livs
1062 2861 1196 2884 APOLLO
1224 2851 1358 2894 Apollo
1385 2862 1407 2885 a
1431 2851 1524 2885 Delo
1551 2850 1672 2884 insula
1697 2849 1779 2883 add.
1808 2848 1906 2881 Lion
1935 2847 1947 2889 ΙΙ
1980 2850 2023 2879 14
2049 2859 2127 2879 cnu-

433 2909 498 2930 *mu
526 2897 608 2930 add.
641 2897 789 2940 Daniel,
823 2910 952 2931 ennium
979 2908 1045 2941 pro
1072 2896 1109 2930 in
1136 2896 1243 2931 Creta
1272 2898 1477 2932 sslasviec'us
1496 2898 1641 2941 primus
1671 2897 1683 2940 ΙΙ
1713 2906 1786 2929 non
1812 2893 1864 2928 sic
1889 2892 2023 2927 dieitur
2049 2921 2056 2927 .
2085 2921 2091 2927 .
2120 2920 2126 2926 ·

435 2943 607 2977 civitates
634 2944 771 2978 habent
795 2944 836 2977 in
861 2955 972 2989 rmar-(J.
1004 2944 1035 2977 1*
1065 2945 1077 2987 ΙΙ
1111 2948 1152 2978 16
1180 2944 1341 2978 ciuitatis
1370 2944 1441 2988 1³11
1471 2946 1512 2979 ut
1539 2943 1632 2988 Deli,
1660 2942 1781 2984 Thasi,
1808 2940 1936 2975 Lemni
1962 2940 2052 2974 coni.
2080 2939 2127 2973 F,¹

434 2990 632 3024 ›S‘ehoellius
650 2991 661 3035 ΙΙ
684 2994 724 3024 18
752 2991 853 3036 ante]
881 2991 1000 3035 primo
1028 2992 1076 3024 M
1101 2991 1139 3025 in
1163 2991 1281 3035 primo
1308 2992 1347 3025 E
1364 2992 1375 3035 ΙΙ
1398 2996 1438 3025 19
1463 2993 1506 3026 ut
1531 3002 1641 3035 supra
1667 2989 1805 3023 dictum
1830 2989 1887 3022 est
1910 2997 1973 3021 om-
1998 2986 2038 3020 F
2053 2987 2064 3031 ΙΙ
2083 2990 2128 3020 20

436 3047 563 3080 espero
585 3038 618 3070 L
657 3039 809 3082 hespere
837 3039 967 3082 111123
995 3052 1157 3072 umorum
1183 3038 1275 3072 LM
1304 3040 1315 3082 ΙΙ
1345 3039 1403 3073 vel
1430 3050 1451 3073 a
1476 3038 1578 3083 rege]
1607 3036 1696 3071 dicti
1720 3036 1779 3071 vel
1807 3046 1828 3069 a
1852 3045 1938 3079 rege
1965 3034 2128 3083 eiusdem

434 3083 593 3118 nominis
620 3085 756 3119 Daniel
778 3087 921 3129 primus
939 3087 951 3129 ΙΙ
970 3085 1081 3120 italus
1109 3085 1148 3118 F
1163 3086 1174 3129 ΙΙ
1195 3089 1238 3119 24
1264 3085 1302 3118 in
1328 3097 1392 3120 om.
1408 3086 1447 3119 F
1463 3086 1474 3129 ΙΙ
1493 3085 1580 3119 uitis
1606 3086 1706 3119 sator
1731 3082 1817 3116 HE
1834 3083 1846 3126 ΙΙ
1865 3086 1908 3115 26
1934 3080 2041 3115 italia
2067 3079 2128 3126 ΓΗ

436 3134 478 3164 29
507 3130 721 3165 condiderat
745 3132 778 3165 J)
