2204 3437
345 147 495 182 XXXVI
1044 142 1325 179 PRAEFATIO.

344 255 602 296 Achilleidos
636 254 796 296 scholia
831 268 937 308 quae
974 268 994 293 e
1027 252 1195 294 Pithoei
1229 250 1370 292 codice
1404 249 1590 304 quodam
1621 247 1963 304 Lindenbrogius
1997 265 2032 291 a.

350 327 460 367 1600
493 326 622 367 edidit
650 341 743 367 cum
766 325 994 366 maximam
1025 325 1191 378 partem
1219 336 1239 362 e
1267 320 1402 366 Servii
1431 319 1739 361 commentario
1773 320 1826 361 ad
1858 320 2036 362 verbum

347 397 559 451 exscripta
599 397 702 449 sint,
740 396 897 436 iniuria
936 394 1070 435 eidem
1109 393 1357 434 tribuuntur
1394 391 1465 443 qui
1509 390 1552 431 in
1584 390 1846 432 Thebaidem
1885 391 2034 446 quinto

346 468 514 509 saeculo
549 471 728 508 exeunte
761 468 807 506 ut
839 462 1048 518 videtui-¹)
1082 463 1217 503 multo
1258 461 1423 502 doctius
1463 463 1505 501 et
1543 460 1791 515 diligentius
1824 476 2034 503 commen-

347 541 463 580 tatus
497 541 573 579 est.
625 537 695 591 qui
729 536 808 577 etsi
841 536 930 589 ipse
964 547 1130 588 quoque
1162 531 1275 573 haud
1302 545 1438 585 pauca
1471 545 1519 571 ex
1553 529 1690 573 Servii
1725 533 2034 575 commentario

347 606 678 663 dom-0111psit2'),
709 609 854 647 tamen
881 606 1060 646 aliorum
1096 604 1223 644 etiam
1264 602 1517 656 Vergiliana
1554 605 1796 644 commenta
1816 603 2036 645 adhibuit.

347 694 443 720 nam
476 694 560 719 non
593 677 730 718 solum
763 676 929 730 aliquot
967 675 1070 716 locis
1109 674 1158 714 de
1202 672 1386 728 Vergilii
1418 672 1613 714 versibus
1646 673 1979 728 interpretandis
2013 690 2037 716 a

349 750 493 791 Servio
528 745 789 802 dissentit3),
829 746 900 786 sed
934 748 999 786 est
1032 745 1159 786 etiam
1192 743 1265 784 ubi
1305 757 1537 785 consensus
1571 743 1642 798 qui
1675 744 1787 786 inter
1817 745 2038 800 utriusque

348 820 508 861 scholia
543 817 870 872 deprehenditur
902 817 962 857 ita
983 816 1255 869 comparatus
1289 814 1363 868 sit,
1395 816 1443 855 ut
1467 829 1553 856 non
1580 814 1802 857 Luctatius
1831 831 1855 857 a
1881 814 2039 871 Servio,

350 891 420 931 sed
455 891 506 932 ab
540 890 685 931 eodem
720 891 896 942 uterque
930 888 1103 928 auctore
1137 900 1214 926 sua
1251 885 1455 939 petivisse
1496 885 1752 942 videatur4).
1804 902 1910 941 quae
1943 903 2038 929 oum

347 963 407 1003 ita
441 962 541 1014 sint,
576 960 685 1015 quod
718 959 947 1001 Danielina
986 956 1191 1012 quaedam
1228 956 1394 998 scholia
1427 955 1555 998 Statii
1594 958 1923 1000 commentatori
1955 974 2041 1000 non

347 1033 494 1087 ignota
526 1031 656 1072 fuisse
692 1030 901 1082 videmus,
934 1029 1031 1069 inde
1064 1043 1188 1070 nemo
1223 1028 1455 1082 integriore
1483 1028 1625 1082 aliquo
1660 1026 1797 1070 Servii
1830 1043 2039 1071 commen-

347 1104 457 1144 tario
497 1117 591 1143 eum
630 1116 753 1142 usum
793 1115 882 1141 esse
922 1099 1088 1141 efficiet.
1150 1099 1199 1140 cf.
1239 1098 1372 1139 Theb.
1411 1097 1475 1140 III
1514 1099 1598 1140 283
1639 1101 1682 1140 et
1724 1098 1827 1140 Aen.
1869 1099 1931 1141 IV
1971 1101 2040 1155 99,

348 1174 479 1215 Theb.
513 1173 552 1214 V
585 1173 638 1213 96
674 1174 716 1213 et
748 1172 840 1213 buc.
873 1169 979 1211 VIII
1014 1169 1087 1223 75,
1121 1169 1253 1210 Theb.
1280 1168 1342 1210 VI
1368 1169 1394 1210 2
1429 1171 1471 1210 et
1502 1169 1594 1210 bue.
1627 1168 1688 1210 VI
1722 1170 1789 1224 68,
1822 1169 1957 1212 Theb.
1978 1171 2040 1213 VI

353 1245 450 1296 199,
484 1244 585 1297 211,
619 1243 700 1283 219
734 1245 776 1282 et
809 1241 913 1282 Aen.
946 1240 1010 1282 III
1044 1241 1110 1281 67.
1145 1240 1196 1281 ad
1229 1240 1360 1281 Theb.
1391 1239 1454 1281 IV
1488 1240 1572 1281 323
1606 1242 1647 1281 et
1680 1240 1732 1281 ad
1764 1240 1867 1282 Aen.
1900 1240 1920 1282 I
1952 1242 2038 1283 322

348 1318 389 1356 et
410 1316 495 1355 324
518 1314 689 1355 scholiis
723 1314 834 1354 inter
867 1327 909 1353 se
944 1312 1203 1366 comparatis
1238 1312 1477 1353 ostenditur
1509 1311 1639 1353 verba
1659 1325 1765 1365 quae
1799 1314 1899 1352 sunt
1925 1311 2041 1367 ‘quia

349 1388 572 1427 venatores
606 1399 700 1425 eum
732 1383 951 1436 vestigant
991 1382 1111 1436 quasi
1139 1382 1338 1424 videntur
1382 1381 1557 1436 errare’,
1596 1396 1857 1437 quamquam
1895 1384 2042 1439 vulga-

348 1459 439 1497 tum
485 1455 694 1497 scholium
740 1453 964 1508 aptissime
1009 1453 1069 1494 eis
1116 1453 1388 1507 suppleatur,
1438 1455 1583 1494 tamen
1627 1468 1712 1494 non
1757 1468 1849 1495 esse
1895 1453 2042 1496 Servii.

351 1527 483 1568 Theb.
515 1526 576 1567 IV
610 1526 695 1567 482
727 1524 949 1566 Luctatius
983 1538 1163 1578 quocum
1196 1523 1558 1578 mythogr.1141
1595 1525 1810 1566 consentit
1843 1521 1913 1581 (of.
1940 1525 2039 1566 Am-

350 1598 452 1652 pelii
492 1598 562 1638 lib.
602 1612 726 1638 mem.
763 1596 824 1637 IX
864 1594 927 1651 5),
969 1609 1064 1635 eum
1108 1595 1346 1636 nominavit
1385 1595 1437 1635 ad
1470 1610 1595 1649 quem
1634 1596 1812 1637 redeunt
1849 1610 1956 1650 quae
1998 1596 2043 1636 in

351 1667 589 1708 Danielinis
628 1667 749 1707 libris
790 1666 842 1707 ad
876 1665 978 1706 Aen.
1017 1664 1036 1705 I
1071 1664 1153 1705 297
1197 1667 1238 1706 et
1270 1664 1331 1706 IV
1364 1665 1446 1706 577
1488 1665 1537 1706 de
1577 1669 1782 1720 quattuor
1819 1666 2042 1708 Mercuriis

351 1739 566 1793 adscripta
613 1740 724 1779 sunt.
781 1735 1023 1778 emendavit
1066 1735 1252 1777 Luctatii
1294 1736 1589 1778 testimonium
1635 1737 1682 1779 O.
1713 1737 1890 1779 Iahnius
1936 1753 2042 1779 mus.

353 1810 468 1851 rhen.
500 1809 561 1850 IX
593 1824 631 1863 p.
665 1809 761 1849 (327.

468 1879 606 1920 Venio
638 1893 749 1920 nunc
782 1879 833 1919 ad
866 1893 936 1919 eos
971 1879 1197 1932 scriptores
1232 1892 1337 1932 quos
1370 1878 1484 1919 inter
1514 1879 1755 1921 imitatores
1789 1878 1924 1920 Servii
1958 1893 2044 1920 om-

351 1951 467 1991 nium
496 1950 742 2003 saepissime
770 1951 1124 1990 commemoratos
1153 1963 1243 1989 esse
1271 1947 1408 1999 vides,
1442 1949 1787 2004 mythographos
1814 1949 2044 1991 Vaticanos

448 2087 480 2126 1)
507 2082 799 2127 Lindenbrogius
814 2084 916 2117 sexto
936 2082 1082 2116 saeculo
1094 2081 1305 2116 Iiuctatium
1322 2082 1512 2128 scripsisse
1530 2082 1677 2126 statuit,
1693 2084 1791 2128 quod
1805 2084 1849 2118 ad
1866 2083 1979 2119 Theb.
1995 2083 2045 2116 IV

356 2143 420 2172 106
436 2139 482 2181 (p.
504 2141 568 2170 124
583 2135 793 2178 Lindenbr.)
822 2135 990 2170 Boetium
1012 2135 1207 2169 laudasset.
1254 2136 1316 2170 sed
1340 2147 1432 2179 quae
1447 2135 1578 2171 Boetio
1593 2136 1651 2179 (cf.
1669 2136 1702 2170 d.
1719 2136 1856 2171 consol.
1876 2135 1968 2180 phil.
1984 2137 1997 2171 Ι
2013 2141 2044 2178 5,

355 2196 373 2225 5
401 2192 495 2234 sqq.)
521 2189 730 2223 tribuantur
762 2188 907 2223 Horatii
940 2199 1018 2222 esse
1053 2189 1175 2230 (carm.
1205 2188 1219 2221 I
1249 2193 1308 2231 17,
1339 2193 1380 2222 14
1408 2190 1501 2232 sqq.)
1534 2189 1798 2235 mythographi
1824 2189 1840 2222 I
1874 2193 1917 2223 58
1951 2190 1988 2222 et
2013 2189 2045 2223 II

358 2248 420 2278 165
449 2243 590 2278 docent.
637 2244 763 2275 contra
789 2252 880 2285 quae
909 2252 927 2274 e
959 2240 1108 2275 Sedulio
1134 2240 1326 2277 Luctatius
1348 2246 1395 2288 (p.
1417 2247 1485 2277 286
1507 2241 1720 2286 Lindenbr.)
1746 2241 1903 2286 protulit
1928 2252 1946 2275 e
1968 2254 2045 2277 car-

354 2296 451 2330 mine
478 2294 645 2340 paschali
660 2296 675 2328 I
690 2298 757 2328 200
774 2295 991 2338 deprompta
1006 2296 1100 2329 sunt.
1138 2295 1292 2330 fortasse
1309 2296 1436 2331 eadem
1452 2294 1595 2330 monuit
1610 2295 1842 2329 Hei-mannus
1863 2293 2045 2340 Schottky

356 2361 465 2393 quem
506 2348 540 2381 iu
581 2347 890 2382 commentatione
929 2359 1025 2381 anno
1063 2351 1149 2382 1856
1182 2348 1427 2384 Vratislaviae
1467 2348 1567 2383 edita
1606 2347 1769 2382 Luctatii
1807 2348 1986 2382 aetatemx
2008 2348 2046 2382 in

354 2401 483 2445 quinto
517 2401 661 2434 saeculo
696 2399 929 2434 constituisse
964 2413 981 2433 e
1016 2400 1184 2434 Teuffelii
1223 2400 1310 2436 Litt.
1345 2401 1449 2435 Rom.
1490 2400 1575 2434 hist.
1617 2404 1684 2434 304
1716 2399 1839 2434 adnot.
1874 2404 1894 2433 9
1922 2399 2045 2435 didici.

472 2458 506 2495 2)
535 2454 577 2487 cf.
606 2452 705 2487 Luct.
734 2453 831 2487 Plac.
868 2453 913 2487 ad
941 2453 1032 2487 Stat.
1067 2453 1181 2486 Theb.
1210 2454 1224 2486 I
1251 2458 1293 2487 81
1328 2455 1364 2488 et
1397 2453 1494 2488 Serv.
1529 2454 1616 2487 Aen.
1646 2453 1660 2486 I
1690 2456 1766 2494 185,
1794 2452 1908 2488 Theb.
1936 2453 1951 2487 I
1978 2456 2045 2487 518

356 2510 392 2541 ct
420 2507 508 2540 Aen.
538 2506 601 2538 Vll
630 2510 708 2547 277,
737 2506 849 2539 Theb.
879 2506 890 2537 I
926 2510 988 2539 521
1032 2506 1068 2539 01
1108 2507 1196 2539 Aen.
1237 2506 1251 2539 I
1289 2510 1371 2550 726,
1406 2506 1520 2541 Theb.
1558 2507 1572 2540 I
1614 2509 1682 2540 545
1722 2507 1759 2539 et
1796 2506 1885 2540 Aen.
1920 2507 1933 2539 Ι
1967 2510 2046 2548 224,

355 2559 469 2594 Theb.
506 2560 515 2592 l
551 2562 617 2592 549
651 2560 687 2591 et
720 2559 808 2592 Aen.
843 2558 890 2592 IX
924 2562 987 2600 86,
1022 2558 1134 2592 Theb.
1168 2560 1183 2592 I
1216 2563 1282 2594 695
1317 2560 1353 2592 ct
1386 2561 1475 2594 Aen.
1510 2559 1558 2593 XI
1597 2562 1682 2601 262,
1715 2558 1830 2594 Theb.
1864 2557 1897 2592 II
1932 2562 1975 2592 32
2010 2561 2047 2593 et

357 2615 445 2646 Aen.
481 2612 494 2644 I
530 2616 612 2653 159,
645 2611 759 2645 Theb.
794 2611 841 2644 IV
876 2614 941 2645 708
975 2614 1012 2645 ct
1043 2622 1167 2656 georg.
1202 2613 1234 2645 11
1273 2616 1358 2655 353,
1397 2612 1512 2646 Theb.
1545 2611 1595 2645 VI
1628 2616 1671 2646 39
1713 2612 1751 2645 et
1780 2610 1869 2646 Aen.
1903 2610 1953 2644 XI
1984 2616 2046 2654 36,

357 2665 471 2699 Theb.
500 2665 545 2698 Vl
581 2668 623 2698 63
657 2665 694 2698 et
726 2664 813 2697 Aen.
847 2664 860 2696 I
894 2667 972 2707 655,
1005 2664 1118 2699 Theb.
1153 2664 1236 2699 VIII
1271 2669 1337 2700 298
1366 2667 1402 2700 et
1428 2667 1516 2699 Aen.
1550 2664 1598 2698 XI
1636 2668 1715 2708 339,
1749 2664 1863 2698 Theb.
1896 2664 1947 2698 IX
1978 2669 2045 2700 361

362 2721 397 2752 ot
424 2729 547 2761 georg.
581 2717 594 2750 I
631 2721 707 2751 399.
765 2716 931 2750 breviore
965 2716 1027 2760 qui
1061 2717 1194 2752 dicitur
1234 2717 1351 2753 Servii
1393 2717 1658 2753 commentario
1690 2716 1902 2752 Luctatium
1942 2730 2046 2752 usum

356 2783 434 2805 esse
474 2770 530 2804 his
571 2769 660 2804 locis
700 2768 928 2806 ostenditur,
971 2768 1101 2812 quibus
1145 2770 1351 2814 pleniorum
1397 2770 1575 2805 librorum
1615 2769 1871 2805 additamenta
1914 2769 2049 2805 omissa

357 2825 455 2857 sunt:
485 2822 597 2856 Theb.
627 2822 639 2854 I
667 2826 710 2855 49
739 2823 775 2855 et
802 2823 889 2854 Aen.
919 2821 947 2854 lI
977 2825 1059 2864 776,
1085 2821 1199 2858 Theb.
1226 2824 1240 2856 I
1267 2827 1331 2857 271
1361 2825 1398 2857 et
1425 2826 1513 2857 Aen.
1541 2822 1591 2857 III
1618 2826 1702 2866 694,
1729 2822 1843 2863 Theb.
1864 2823 1914 2857 VI
1941 2827 1984 2858 55
2012 2825 2048 2858 et

358 2877 446 2909 Aen.
475 2876 523 2910 XI
551 2880 603 2910 64.
632 2875 690 2917 (cf.
720 2874 803 2909 Isid.
833 2886 881 2909 or.
910 2874 975 2908 XX
1004 2879 1058 2916 11,
1085 2880 1135 2919 7),
1164 2875 1277 2911 Theb.
1305 2876 1372 2910 VII
1399 2881 1465 2910 421
1501 2877 1537 2910 et
1570 2876 1660 2910 Aen.
1687 2875 1719 2909 V
1747 2879 1812 2909 241
1842 2875 1903 2919 (cf.
1932 2875 2046 2910 Theb.

362 2930 368 2962 l
402 2931 476 2970 13),
505 2928 618 2962 Theb.
646 2928 731 2961 VIII
759 2931 826 2961 ‘255
855 2928 891 2960 et
918 2927 1006 2962 Acn.
1037 2928 1082 2960 lll
1113 2932 1191 2971 209,
1218 2929 1331 2962 Theb.
1355 2929 1402 2963 IX
1420 2933 1485 2963 795
1509 2931 1545 2964 et
1570 2930 1658 2963 Aen.
1676 2928 1725 2962 IV
1740 2932 1807 2963 216
1835 2929 1872 2962 et
1898 2929 1947 2962 IX
1968 2933 2046 2964 616.

454 2984 486 3024 3)
515 2982 557 3015 cf.
587 2981 699 3015 Theb.
730 2981 740 3013 l
772 2984 835 3014 197
872 2982 909 3013 vt
934 2992 1058 3024 georg.
1089 2981 1096 3013 l
1134 2984 1195 3023 92,
1231 2981 1343 3015 Theb.
1377 2985 1393 3015 Ι
1420 2987 1486 3017 207
1522 2983 1559 3017 et
1591 2981 1680 3016 Aen.
1713 2981 1799 3016 VIII
1834 2986 1896 3025 64,
1931 2981 2046 3016 Theb.

359 3034 388 3067 ll
415 3038 480 3067 496
509 3036 545 3067 et
572 3034 658 3067 Aen.
686 3034 700 3065 I
728 3037 804 3068 526.
946 3035 978 3075 4)
1007 3033 1121 3067 Theb.
1152 3035 1162 3067 l
1191 3038 1275 3075 251,
1310 3038 1376 3068 630
1404 3037 1440 3069 et
1467 3035 1554 3068 Aen.
1584 3034 1634 3068 VI
1662 3038 1742 3077 630,
1768 3033 1880 3069 Theb.
1909 3034 1976 3069 VII
2005 3039 2046 3069 16

360 3088 395 3119 et
422 3086 509 3119 Aen.
539 3085 568 3117 V
600 3089 680 3128 193,
709 3085 822 3119 Theb.
852 3084 883 3118 X
911 3089 975 3120 788
1004 3088 1039 3120 et
1067 3087 1153 3120 Aen.
1182 3086 1231 3120 III
1258 3090 1312 3120 57.
