2204 3437
550 200 699 234 COMM.
726 201 777 234 IN
803 200 945 234 VEEG.
972 200 1080 233 AEN.
1108 200 1168 233 ΙΙΙ.
1197 203 1392 233 144—158.
1726 201 1807 239 371

124 307 248 348 modo
277 306 457 360 ‘peculi’
478 322 554 361 pro
577 307 786 361 ‘peeulii'.
828 308 948 348 multi
980 306 1045 347 ‘in
1075 305 1263 347 somniis’
1297 306 1433 358 leyunt
1462 309 1499 346 et
1521 307 1811 356 posterioribus

124 378 321 429 iunyunt:
370 378 476 418 unde
506 381 542 418 et
571 378 670 419 visi:
703 381 739 418 et
768 391 911 431 eorpus
940 391 1079 418 somno
1111 377 1219 418 vinei
1249 376 1405 429 volunt,
1436 380 1606 417 mentem
1636 390 1725 418 vero
1757 378 1812 417 ri-

124 447 257 499 qilare
286 451 323 488 et
352 449 580 489 meminisse
611 448 804 489 omnium.
844 449 931 489 ideo
956 449 1079 488 etiam
1104 448 1306 489 dormiens
1337 447 1383 488 de
1414 447 1514 488 luna
1544 448 1646 489 seire
1669 449 1814 500 potuit.

212 530 372 559 MVLTO
405 530 579 559 LVMINE
612 533 707 560 cum
739 519 885 560 nimbo
920 533 1007 572 suo,
1039 519 1109 570 qui
1140 519 1246 558 eirea
1277 519 1367 558 deos
1398 518 1496 559 solet
1525 519 1663 560 videri.

245 588 339 629 152.
390 601 612 631 INSERTAS
645 593 718 630 aut
751 589 973 643 clatratas3
1007 592 1080 630 aut
1111 603 1198 630 non
1231 591 1407 642 seratas,
1439 591 1487 629 ut
1514 589 1570 629 sit
1596 589 1717 643 quasi
1739 589 1813 630 ‘in-
1840 597 1859 626 5

127 659 325 714 seratas'⁷
357 660 401 700 id
434 663 497 701 est
529 675 615 701 non
647 660 813 701 clausas
822 693 833 713 7
867 662 908 700 et
940 660 1118 713 dietum,
1151 658 1364 713 quomodo
1398 658 1652 714 easprosque
1685 660 1813 701 niola—

123 728 212 769 res'
246 744 324 783 pro
359 729 589 783 ‘asperos'7
623 730 896 784 ‘conpostus'
929 745 1006 783 pro
1041 729 1346 783 ‘conpositusz
1379 729 1535 770 ‘vixet'
1562 745 1639 783 pro
1668 729 1817 771 ‘vixis-

125 798 223 840 set’.
285 801 344 841 vel
377 799 573 842 ‘insertas
600 800 820 852 fenestras'
851 814 953 853 quas
985 801 1138 842 lumine
1169 813 1240 841 suo
1274 800 1374 840 luna
1405 801 1641 854 inseruerat7
1672 801 1722 842 ab
1753 802 1817 842 in-

127 869 302 923 serendo,
333 871 441 922 quod
470 885 510 912 se
533 885 610 923 per
640 872 770 913 rimas
800 872 1000 912 insereret.
1186 887 1400 912 FVNDEBAT
1426 871 1575 912 seilicet
1604 872 1818 912 abundans

129 940 275 981 lumen.
1845 950 1886 979 10

247 1010 340 1052 153.
393 1029 474 1052 Tm
499 1028 560 1053 sse
585 1029 733 1054 ΑΒΓΔΜ
760 1012 824 1053 hie
853 1026 990 1053 versus
1021 1012 1067 1053 in
1097 1012 1237 1053 multis
1267 1026 1350 1053 non
1381 1013 1594 1053 invenitur.

246 1081 341 1122 154.
392 1093 631 1123 ORTYGIAM
665 1082 733 1122 ‘ad
766 1081 1030 1136 Ortygiam':
1062 1097 1179 1124 more
1213 1097 1288 1124 suo
1321 1083 1506 1124 detraxit
1536 1083 1818 1137 praepositio-

129 1167 245 1207 nem⁷
287 1155 335 1193 ut
366 1152 494 1206 paulo
527 1155 626 1206 post
659 1150 842 1193 ‘Cretae’
874 1167 952 1206 pro
987 1152 1045 1193 ‘in
1078 1151 1232 1194 Creta'.
1292 1168 1390 1195 sane
1420 1154 1661 1206 quibusdam
1690 1155 1821 1195 visum

129 1226 187 1264 est
215 1236 349 1263 serum
380 1223 585 1264 auxilium
616 1224 783 1264 deomnn
805 1224 1043 1276 penatium;
1076 1237 1147 1264 eur
1178 1226 1286 1264 enim
1317 1227 1411 1265 ante
1434 1225 1710 1277 pestilentiam
1740 1239 1818 1266 non

127 1296 371 1334 monuerunt
401 1294 622 1334 mutandas
653 1294 790 1335 sedes?
822 1295 909 1335 ideo
940 1294 1146 1347 aliquibus
1176 1295 1333 1335 videtur
1362 1296 1565 1336 somnium
1594 1296 1721 1347 fuisse
1751 1310 1822 1349 ap·
1851 1304 1891 1333 15

125 1365 305 1416 petitum.

250 1434 344 1475 155.
395 1451 511 1476 CANIT
536 1435 721 1489 proprie,
762 1435 860 1487 quia
898 1436 1120 1477 oraculum.
1241 1448 1301 1477 EN
1335 1437 1457 1491 quasi
1490 1437 1821 1478 demonstrantis

128 1507 212 1560 est,
244 1507 293 1546 ut
319 1505 445 1545 fidem
471 1493 618 1559 faeiat,
644 1520 696 1546 ne
723 1505 934 1546 somnium
959 1508 1152 1561 putetur,
1184 1508 1232 1547 ut
1257 1507 1386 1561 paulo
1412 1510 1512 1562 post
1532 1508 1672 1562 <170>
1691 1508 1823 1549 haud

129 1576 412 1617 dubitanda
444 1575 590 1617 refer.

249 1646 342 1687 156.
393 1658 636 1687 DARDANIA
675 1647 959 1688 derivativum
998 1662 1153 1689 nomen
1187 1663 1211 1689 a
1244 1649 1538 1690 constitutore.
1602 1651 1643 1690 et
1674 1650 1824 1690 notan-
1849 1657 1893 1687 ‘20

125 1717 244 1771 dum,
282 1717 503 1772 regionem
542 1732 619 1771 pro
660 1718 833 1759 civitate
872 1718 1070 1772 positam.
1199 1731 1383 1769 TVAQVE
1415 1731 1542 1760 ARMA
1575 1731 1737 1761 SECVTI
1776 1735 1823 1761 ae

128 1788 164 1828 si
203 1788 362 1829 diceret
400 1788 516 1829 ‘tuas
549 1788 728 1843 partes’7
772 1790 831 1830 vel
867 1790 1102 1843 imperium,
1145 1793 1192 1831 ut
1221 1789 1333 1842 <XII
1368 1790 1478 1845 192>
1519 1805 1650 1832 soeei·
1687 1805 1824 1832 arma

127 1858 342 1900 Latinus
372 1859 552 1900 habeto.
655 1861 658 1866 ’
831 1916 833 1918 q

248 1930 343 1971 157.
393 1942 475 1971 svss
510 1942 567 1970 TE
599 1931 645 1971 id
668 1935 724 1972 est
749 1934 783 1972 te
809 1932 921 1985 duee,
955 1932 1031 1973 sub
1065 1933 1138 1973 tuo
1171 1932 1262 1973 iure
1295 1934 1483 1987 agentes.
1593 1923 1822 1988 1>ERMENSI

130 2000 279 2055 evecti,
324 2002 372 2041 ut
417 2002 480 2041 est
521 2003 670 2042 eontra
707 2000 777 2054 <II
813 2002 922 2056 181>
962 2002 1249 2059 pelagoque
1293 2017 1523 2045 remenso
1568 2003 1825 2056 inprovisi
1876 2013 1894 2041 s>

128 2071 359 2112 aderunt.
419 2071 541 2112 multi
570 2075 705 2113 autem
738 2071 977 2125 ‘permensi'
1010 2074 1097 2115 sine
1128 2072 1198 2114 ‘n’
1233 2074 1368 2127 leyunt
1398 2087 1425 2114 a
1456 2073 1570 2115 verbo
1594 2075 1825 2126 permetior.

128 2140 192 2182 liie
215 2155 353 2183 versus
383 2140 563 2183 variasse
594 2143 754 2184 dieitur.

1852 2012 1870 2041 10

250 2212 343 2253 158.
393 2224 510 2253 IDEM
546 2227 624 2254 nos
659 2213 821 2254 scilieet
860 2214 932 2269 qui
968 2217 1011 2256 te
1051 2230 1196 2256 sumus
1230 2215 1376 2257 secuti.
1504 2233 1701 2258 VENTVRos
1729 2217 1827 2269 plus

135 2285 192 2322 est
220 2295 344 2337 quam
374 2282 412 2323 si
442 2283 609 2324 dixisset
639 2282 861 2335 ‘futumsff
893 2297 992 2325 nam
1023 2286 1142 2337 quasi
1172 2299 1235 2327 eos
1265 2287 1352 2327 iam
1383 2282 1470 2328 esse*
1494 2287 1708 2339 sz'ffliifieat.

226 2389 242 2419 1
263 2385 387 2429 peculi
406 2397 448 2420 ωε
467 2387 599 2430 pocula
613 2387 647 2420 L
666 2388 678 2431 ss
698 2391 716 2421 2
740 2388 778 2421 et
797 2391 879 2422 ante
899 2399 1031 2432 eorpus
1049 2388 1099 2422 T:
1120 2389 1182 2423 sed
1204 2389 1244 2422 F
1260 2390 1271 2434 ΙΙ
1291 2401 1422 2434 eorpus
1442 2391 1527 2434 post
1547 2400 1674 2424 somno
1690 2389 1827 2424 Daniel
1859 2412 1861 2414 ψ

132 2433 277 2476 prunus
296 2432 307 2476 ΙΙ
327 2436 348 2465 4
374 2443 456 2466 cum
480 2432 606 2468 nimbo
633 2434 713 2479 suo]
742 2445 823 2468 oum
844 2435 960 2469 hosuo
982 2437 1022 2469 ar
1041 2446 1123 2469 cum
1144 2436 1240 2471 bono
1261 2437 1305 2470 H
1319 2438 1330 2481 ΙΙ
1350 2437 1434 2480 qui.
1451 2465 1457 2471 .
1474 2464 1480 2470 .
1497 2437 1590 2471 solet
1614 2436 1731 2471 videri
1751 2439 1825 2471 ,Ste-

126 2480 273 2523 phanus
299 2480 411 2513 edidit
429 2482 440 2524 ΙΙ
460 2483 479 2513 5
507 2480 684 2515 elatratas
706 2480 760 2514 F:
785 2481 944 2516 elaratas
965 2482 1006 2515 Η
1031 2482 1168 2517 celatas
1190 2484 1283 2517 ME
1307 2485 1372 2518 aut
1398 2484 1536 2518 celatas
1563 2484 1626 2518 aut
1651 2484 1691 2518 in
1716 2495 1787 2518 ras.
1815 2485 1826 2518 l

135 2526 254 2560 claras
274 2526 371 2560 Lion
390 2528 402 2571 ΙΙ
421 2528 560 2561 saratas
581 2528 614 2561 L
632 2530 644 2572 Η
662 2529 704 2562 ut
730 2528 778 2562 sit
796 2528 902 2572 quasi
927 2529 1105 2564 inseratas
1125 2540 1190 2565 om.
1214 2531 1306 2564 ME
1323 2531 1335 2575 ΙΙ
1355 2534 1372 2565 7
1402 2532 1610 2575 compostos
1636 2542 1702 2575 pro
1730 2542 1825 2565 eom-

133 2573 273 2617 positos
301 2573 340 2607 F
368 2575 379 2618 ΙΙ
412 2577 432 2607 8
459 2575 507 2608 ad
539 2575 696 2612 insertas
722 2576 902 2610 fenestras
927 2587 1026 2620 supr.
1053 2587 1140 2611 vers.
1169 2589 1258 2621 quas
1284 2577 1422 2612 lumine
1450 2606 1457 2612 .
1485 2606 1491 2613 .
1521 2606 1527 2611 .
1554 2576 1734 2612 insereret
1762 2578 1794 2611 T
1816 2578 1827 2622 1]

133 2621 240 2664 quasi
267 2620 306 2654 F
322 2622 333 2664 ΙΙ
352 2620 559 2655 inseruerat
583 2622 671 2656 luna
700 2622 732 2655 T
749 2624 760 2666 ΙΙ
780 2626 799 2656 9
827 2623 1044 2657 habundans
1072 2623 1111 2657 F
1126 2625 1138 2668 ΙΙ
1168 2629 1207 2658 11
1236 2624 1436 2670 invenitur]
1465 2624 1527 2668 qui
1551 2626 1676 2659 tamen
1701 2624 1825 2658 admo-

134 2667 219 2700 dum
244 2668 472 2702 necessarius
498 2670 555 2702 est
581 2670 724 2703 addidit
752 2670 957 2704 Masvieius
975 2672 987 2715 ΙΙ
1008 2674 1049 2704 13
1077 2682 1163 2705 sane
1185 2699 1191 2706 .
1209 2700 1215 2706 .
1233 2700 1239 2707 .
1261 2672 1469 2716 appetitum
1494 2672 1619 2706 melius
1639 2672 1687 2705 ad
1706 2683 1735 2705 v.
1761 2675 1825 2705 153

131 2715 339 2757 referuntur
364 2716 375 2758 ΙΙ
404 2719 446 2749 14
474 2726 594 2749 serum
613 2716 843 2761 Bonyarsius
868 2718 909 2751 in
933 2729 1046 2762 mary.
1073 2719 1218 2762 exempl.
1245 2718 1440 2754 Danielini
1464 2720 1505 2753 in
1531 2719 1688 2753 biblioth.
1714 2718 1826 2753 Rern.

132 2762 306 2796 asservati
332 2765 363 2796 et
388 2761 494 2796 Rz'bb.
516 2764 611 2806 prol.
634 2774 671 2807 1).
702 2767 767 2797 110
794 2764 898 2798 adn:
930 2775 1048 2799 rerum
1077 2764 1117 2798 F
1150 2777 1274 2800 rarum
1301 2766 1539 2800 C'ommelinus
1564 2769 1595 2799 et
1623 2766 1828 2799 Illasuz'eius

134 2819 261 2848 verum
285 2809 524 2843 Burmannus
550 2813 581 2843 et
606 2810 703 2844 Lion
727 2811 739 2853 ΙΙ
764 2812 939 2854 penatum
967 2811 1006 2845 F
1027 2813 1038 2855 ΙΙ
1067 2815 1108 2845 15
1134 2813 1329 2848 motandas
1358 2813 1397 2846 F
1419 2815 1430 2857 ΙΙ
1460 2817 1501 2847 17
1529 2813 1577 2847 ad
1603 2812 1703 2846 canit
1726 2822 1826 2855 supr.

131 2865 219 2890 vers.
251 2856 288 2889 in
320 2855 390 2890 hoe
424 2856 505 2890 loco
532 2857 633 2891 canit
656 2857 749 2891 bene
775 2857 867 2891 dixit
894 2857 980 2902 quia
1004 2859 1152 2903 proprie
1180 2860 1226 2894 ad
1252 2860 1442 2894 oraculum
1468 2860 1623 2893 refertur
1653 2859 1684 2891 T
1718 2860 1729 2901 Η
1767 2859 1826 2904 Ex]

135 2914 201 2936 NON
227 2902 271 2936 H
290 2904 302 2946 ΙΙ
327 2907 370 2937 22
397 2903 457 2937 vel
482 2903 679 2947 imperium
705 2905 817 2938 edidit
842 2904 1048 2948 Stephanus
1073 2907 1084 2949 ΙΙ
1109 2906 1169 2940 vel
1194 2908 1299 2940 tuum
1326 2907 1520 2950 imperium
1547 2906 1645 2939 Lion
1672 2907 1683 2949 Η
1710 2909 1753 2939 24
1781 2908 1828 2939 acl

137 2948 202 2982 sub
229 2951 265 2984 te
291 2961 390 2993 supr.
416 2961 502 2984 vers.
531 2962 557 2984 s.
585 2951 675 2984 duee
702 2950 779 2984 siue
806 2951 871 2985 sub
897 2953 961 2986 tuo
987 2952 1143 2997 imperio
1172 2955 1324 2997 agentes
1355 2954 1385 2986 T
1409 2955 1420 2996 ΙΙ
1449 2954 1495 2987 ad
1522 2952 1703 2996 permensi
1728 2963 1827 2996 supr.

136 3006 223 3030 vers.
250 2997 415 3040 peruecti
445 2997 476 3030 T
493 2998 505 3041 ΙΙ
536 3001 579 3032 26
606 2997 815 3042 pei-medios
842 2997 882 3031 F
915 3000 1124 3043 permedior
1148 3000 1286 3034 Daniel
1311 3003 1342 3034 et
1370 3000 1605 3034 Commelinus
1631 2999 1829 3043 permetioi·

140 3042 344 3077 Masvieius
363 3044 374 3087 ΙΙ
394 3048 436 3078 27
464 3045 569 3079 uaria
594 3055 672 3079 esse
695 3044 743 3086 F,
770 3055 858 3084 corr.
880 3045 1017 3081 Daniel
1035 3047 1046 3090 ΙΙ
1067 3051 1109 3081 28
1137 3048 1185 3081 ad
1209 3047 1382 3080 tollemus
1409 3058 1506 3090 supr.
1527 3056 1615 3080 vers
1637 3046 1828 3080 offeremus

136 3089 174 3121 et
209 3100 290 3123 cum
325 3090 415 3125 dicit
449 3092 623 3126 uenturos
656 3091 738 3136 plus
771 3093 828 3126 est
859 3103 967 3136 quam
1001 3093 1031 3127 si
1064 3092 1217 3128 dixisset
1249 3094 1392 3128 futuros
1425 3094 1511 3137 quia
1536 3104 1597 3128 eos
1624 3093 1697 3128 iam
1724 3094 1828 3137 quasi

137 3145 215 3169 esse
241 3136 424 3181 signifieat
454 3138 484 3172 ’λ’

1477 3200 1546 3235 24*
