2204 3437
561 185 709 219 OOMM.
736 183 787 218 IN
813 184 955 219 VERG.
984 184 1092 218 AEN.
1120 186 1162 219 II.
1195 188 1387 219 158j166.
1734 185 1816 225 247

119 295 310 348 praemia
343 295 538 336 resolvam
566 307 641 346 pro
673 307 762 334 mea
793 293 1043 346 impunitate.
1092 295 1131 333 ct
1165 293 1318 332 videbar
1350 293 1428 333 duo
1452 293 1687 345 prowm'ttcm
1722 294 1818 333 Tro-

125 367 251 416 amis,
281 366 421 418 primo
457 365 740 418 veriloquium,
778 364 918 405 demde
954 363 1124 404 Salutem
1162 376 1210 404 ew
1246 376 1412 403 suoram
1447 364 1683 416 proditioue.
1743 364 1820 404 alc'c'

125 437 264 477 volunt
293 436 459 477 dalaima
490 450 586 488 esse,
618 436 726 476 vobis
754 435 906 487 feram,
939 433 1107 474 Graecis
1137 435 1366 486 rependam.

246 507 338 547 162.
390 518 527 548 OMNIS
568 518 674 548 SPES
714 517 908 546 DANAVM
946 519 1064 545 more
1104 519 1179 546 8110
1219 520 1243 546 a
1282 505 1392 546 veris
1431 505 1602 559 incipit:
1640 520 1740 546 nam
1778 508 1821 546 ct

125 577 232 618 favit
263 577 458 618 Minerva
489 576 680 630 Graecis,
713 578 755 616 et
787 575 1012 617 constabat
1044 577 1215 628 raptum
1249 590 1338 615 esse
1371 575 1625 617 Palladium.
1744 589 1818 616 ΤΥ·
1847 588 1865 617 5

125 659 265 689 DIDES
299 659 385 689 SED
417 660 532 689 ENIM
563 647 944 701 hysteroproteron
977 648 1041 687 est
1077 645 1172 687 ‘sed
1205 646 1317 687 enim
1351 662 1400 687 cx
1433 662 1515 701 quo
1548 647 1704 700 impius
1738 646 1818 700 Ty-

125 717 276 772 dides’3
307 733 408 759 nam
439 718 733 772 hysterologia
766 718 888 759 unius
922 717 1130 758 sermonis
1158 719 1241 772 est,
1273 719 1321 758 ut
1349 717 1415 770 <V
1443 719 1555 772 663>
1587 720 1820 759 transtra

124 803 212 843 per
244 791 292 830 et
323 803 499 830 remos.

245 860 338 901 163.
387 871 544 901 IMPIVS
584 874 682 900 vero
719 862 896 913 propter
931 859 1108 900 numina
1146 859 1380 900 vulnerata.
1503 877 1556 901 ω’
1584 877 1656 905 Qvo
1686 863 1820 901 antem

124 931 182 972 vel
212 931 276 971 die
306 931 365 971 vel
393 930 513 982 facto.
1847 942 1888 972 10

245 1001 338 1042 164.
389 1012 723 1051 SCELERVMQVE
751 1013 988 1042 INVENTOR
1014 1012 1179 1042 vmes
1208 1003 1373 1053 propter
1403 1015 1443 1042 sc
1474 1004 1510 1042 ct
1540 1004 1714 1055 propter
1741 1001 1818 1043 Pa-

123 1072 331 1114 lamedem
365 1072 551 1113 occisum
583 1072 717 1126 ipsius
750 1072 948 1113 factione.

243 1143 338 1185 165.
387 1155 565 1183 FATALE
603 1144 693 1184 τῶν
723 1142 869 1197 μέσων
902 1145 986 1184 est:
1026 1158 1126 1184 nam
1159 1146 1202 1185 et
1235 1144 1346 1198 quod
1386 1144 1590 1197 custodit,
1632 1146 1674 1184 et
1707 1144 1818 1197 quod

122 1215 335 1256 interimit
365 1228 442 1268 pro
476 1214 568 1255 1000
601 1213 877 1269 intellegitur.
968 1226 1214 1256 AVELLERE
1243 1215 1430 1256 ostendit
1454 1215 1637 1256 invitum
1663 1229 1819 1256 numen

123 1300 212 1326 0880
245 1285 476 1326 sublatum.
1848 1296 1888 1326 15

243 1356 336 1397 166.
386 1367 654 1397 PALLADIVM
686 1355 876 1397 Helenus
911 1356 1024 1410 apud
1055 1356 1259 1398 Arisbam
1298 1359 1447 1410 captus
1487 1372 1512 1398 a
1545 1356 1720 1398 Graecis
1754 1359 1820 1397 est

125 1428 167 1468 et
198 1427 404 1468 indicavit
431 1429 602 1468 coactus
628 1426 721 1468 fata
745 1427 948 1481 Troiana,
975 1427 1020 1468 in
1047 1427 1198 1481 quibus
1227 1427 1357 1468 etiam
1385 1428 1434 1469 de
1461 1428 1666 1470 Palladio.
1705 1428 1815 1468 unde

125 1497 280 1538 dicitur
324 1513 348 1538 a
386 1497 552 1552 Pyrrho
597 1511 731 1552 regna
769 1497 990 1539 meruisse:
1034 1513 1292 1552 quamquam
1336 1499 1605 1553 praestiterit
1642 1499 1818 1553 Pyrrho,

70 1567 74 1570 ’
122 1571 169 1609 ut
212 1582 288 1622 per
331 1571 493 1609 terram
536 1568 712 1622 rediret,
758 1568 899 1610 dicens
945 1583 1090 1610 omnes
1130 1569 1332 1620 Graecos,
1379 1570 1489 1624 quod
1535 1574 1577 1612 et
1622 1571 1818 1629 contigit,

119 1638 346 1693 naufragio
380 1653 470 1679 esse
502 1639 728 1692 perituros.
789 1640 866 1681 ala·
904 1641 1045 1681 dicant
1074 1640 1279 1681 Helenam
1316 1654 1397 1682 aon
1436 1645 1615 1694 captum,
1653 1644 1722 1683 secl
1751 1644 1815 1684 do·-
1842 1652 1886 1681 20

122 1709 219 1762 lore,
256 1709 363 1760 qaod
390 1711 487 1760 post
522 1711 690 1750 mortem
721 1708 891 1751 Paridis
923 1709 1083 1751 Helena
1120 1710 1268 1752 incaelo
1299 1711 1470 1753 Priami
1506 1726 1588 1753 mm
1618 1713 1713 1767 sibi,
1750 1715 1819 1755 scd

120 1778 327 1832 Deiphobo
359 1782 458 1820 esset
486 1779 739 1833 adinde‘cata,
772 1781 817 1821 in
848 1779 972 1821 Idam
1003 1784 1177 1822 montem
1206 1782 1374 1836 fizyisse,
1413 1786 1531 1835 atque
1561 1783 1702 1824 exinde
1734 1798 1815 1826 mo-

119 1853 234 1891 nente
265 1849 482 1891 Calchante
504 1851 749 1902 productam
775 1852 821 1892 de
847 1851 1039 1892 Palladio
1067 1865 1144 1904 pro
1175 1853 1265 1893 0ιῖίο
1290 1854 1531 1905 prodidisse.
1588 1856 1687 1895 tunc
1714 1853 1815 1896 Dio-

121 1921 262 1962 medes
296 1923 338 1961 et
369 1920 538 1974 Ulixes⁷
569 1923 617 1961 ut
650 1921 724 1962 alii
756 1921 919 1976 dicunt,
953 1922 1178 1975 cuniculis,
1216 1926 1263 1964 ut
1295 1924 1389 1979 alii7
1428 1924 1584 1966 cloacis
1618 1926 1815 1967 ascende-

121 1994 222 2033 runt
260 2006 416 2045 arcem,
461 1993 503 2032 et
548 1992 697 2033 0001818
737 1993 984 2034 custodibus
1024 1994 1234 2035 sustulere
1273 1995 1560 2036 simulacrum.
1611 1997 1683 2048 {sai
1724 2007 1884 2039 6101125

216 2125 257 2154 16
283 2120 444 2155 Helenus
471 2120 570 2164 apud
596 2119 767 2155 Arisbam
794 2131 823 2155 e.
840 2134 873 2166 q.
889 2133 915 2156 s.
943 2132 1001 2166 ap.
1025 2122 1193 2157 Servium
1219 2133 1331 2157 exscr.
1359 2123 1542 2168 mythogr.
1564 2125 1578 2158 Ι
1598 2128 1652 2159 40.
1682 2125 1724 2159 cf*
1750 2129 1813 2159 142

214 2243 235 2273 4
261 2239 309 2273 ad
333 2250 365 2274 v.
389 2243 454 2273 162
483 2239 609 2273 01111118
636 2250 718 2283 spes
744 2239 929 2284 Danaum]
955 2251 1056 2275 more
1083 2252 1153 2275 8110,
1175 2269 1181 2275 .
1206 2269 1211 2275 .
1235 2269 1242 2277 .
1269 2253 1334 2286 per
1361 2244 1397 2277 et
1422 2253 1552 2277 remos.
1584 2242 1620 2275 P
1636 2243 1647 2285 Η
1668 2246 1687 2276 5
1714 2242 1816 2277 fauet

123 2286 214 2325 MP
237 2286 374 2320 Daniel
399 2287 410 2329 ΙΙ
442 2286 650 2331 constabat]
679 2288 806 2321 contra
834 2287 869 2320 P
894 2288 1039 2322 constat
1064 2288 1103 2321 E
1126 2291 1158 2323 et
1183 2289 1321 2323 Daniel
1347 2289 1560 2333 (constabat
1585 2291 1613 2332 e)
1645 2290 1656 2332 ΙΙ
1685 2294 1702 2323 7
1729 2302 1815 2324 nam

119 2344 184 2368 om.
214 2333 249 2366 P
273 2336 304 2367 et
328 2333 466 2367 Daniel
497 2334 508 2377 ΙΙ
539 2333 766 2378 ysterologia
790 2334 824 2367 L
860 2334 1077 2379 isterologia
1102 2335 1146 2368 H
1173 2335 1416 2381 histerologia
1444 2337 1520 2371 Mla
1556 2336 1718 2380 sterogia
1746 2338 1781 2370 P
1805 2337 1814 2382 'l

120 2382 177 2414 est
201 2390 265 2414 om.
295 2380 331 2413 P
354 2383 385 2414 et
412 2380 548 2414 Daniel
567 2380 578 2424 ΙΙ
598 2384 617 2414 9
645 2381 694 2415 ad
718 2391 748 2416 v.
773 2385 837 2414 163
865 2381 1020 2426 Impius]
1049 2384 1200 2426 propter
1225 2383 1376 2417 numina
1401 2384 1595 2418 uulnerata
1620 2383 1811 2425 (uulnera).

120 2428 172 2461 Ex
198 2427 286 2472 quo]
315 2428 439 2461 autem
464 2427 525 2461 uel
551 2427 609 2461 die
635 2427 695 2462 uel
729 2427 839 2462 facto.
875 2428 910 2461 P
939 2430 951 2472 Η
981 2428 1136 2472 impium
1168 2440 1254 2464 uero
1281 2430 1366 2463 LH
1373 2431 1421 2464 M
1426 2430 1465 2463 E
1494 2432 1506 2474 ΙΙ
1537 2431 1815 2476 11111110101111,χχχ]ῚῚ

120 2475 262 2509 ducebas
288 2475 416 2508 litteris
441 2475 554 2508 erasis
581 2474 629 2508 M
653 2475 863 2518 (uulnerata
888 2476 945 2518 m).
998 2476 1192 2511 uulnerata
1217 2477 1368 2511 numina
1393 2478 1548 2512 Martem
1576 2479 1613 2511 et
1632 2477 1813 2512 Venerem

120 2521 319 2556 Fabricius
339 2523 351 2565 ΙΙ
372 2525 412 2554 11
435 2522 483 2556 ad
502 2532 532 2555 v.
551 2526 617 2556 164
639 2521 898 2565 Scelerumque
918 2522 1088 2557 inuentor
1102 2524 1242 2569 Ulixes]
1264 2526 1416 2568 propter
1436 2536 1473 2558 80
1495 2526 1532 2559 et
1551 2526 1700 2568 propter
1720 2525 1811 2568 pali-

120 2569 244 2603 medes
265 2569 363 2612 (sicl)
391 2568 552 2603 factione
574 2568 747 2614 occisum.
777 2569 812 2602 P
829 2571 840 2613 ΙΙ
859 2572 1012 2614 propter
1033 2581 1069 2605 se
1091 2572 1129 2605 et
1148 2582 1213 2605 om,
1236 2572 1372 2605 Daniel
1398 2572 1458 2605 uel
1484 2575 1566 2605 avae
1586 2574 1737 2615 propter
1759 2573 1812 2606 ἰη-

121 2627 238 2650 serens
257 2616 268 2660 ΙΙ
293 2615 513 2660 palameden
539 2615 650 2660 LHn
677 2620 719 2650 12
745 2616 860 2660 ipsius
885 2628 950 2651 om.
978 2618 1116 2652 Daniel
1140 2619 1152 2662 ΙΙ
1181 2622 1221 2652 13
1249 2620 1297 2653 ad
1322 2630 1352 2652 122.
1382 2623 1448 2653 165
1475 2619 1622 2663 Fatale]
1650 2619 1723 2653 τῶν
1750 2618 1811 2663 μεἠ

119 2675 191 2696 σων
217 2664 295 2707 (ton
320 2663 461 2707 meson)
489 2690 496 2697 .
519 2690 526 2698 .
549 2690 555 2697 .
584 2673 661 2698 esse
691 2663 888 2698 sublatum.
918 2665 953 2698 P
970 2666 981 2709 Η
1001 2678 1066 2699 1οΝ
1091 2678 1205 2699 meson
1226 2666 1259 2699 L
1285 2666 1362 2700 'l‘an
1390 2677 1516 2700 meson
1537 2666 1581 2699 II
1601 2668 1665 2700 ton
1686 2677 1812 2700 meson

121 2710 169 2743 M
202 2710 214 2754 ΙΙ
251 2712 289 2745 et
313 2710 412 2754 quod
437 2713 520 2744 am‘e
543 2709 725 2745 interimit
750 2722 814 2745 om.
842 2711 875 2744 L
901 2713 997 2755 (add.
1026 2713 1051 2752 Ζ)
1089 2714 1101 2756 ΙΙ
1140 2717 1182 2747 16
1209 2714 1257 2747 ad
1282 2724 1312 2748 7).
1343 2718 1408 2747 166
1436 2713 1658 2758 Palladium]
1686 2713 1812 2747 fabula

119 2756 270 2800 (fauula)
303 2758 426 2792 autem
458 2757 550 2792 haec
585 2759 650 2794 est.
702 2758 899 2793 Diomedes
934 2761 970 2793 et
1001 2759 1125 2794 Ulixes
1247 2761 1293 2794 ad
1326 2762 1447 2795 castra
1473 2760 1697 2794 Graecorum
1724 2760 1809 2804 egit.

121 2804 184 2848 ΡΗ
209 2804 358 2839 arisban
383 2804 417 2838 L
442 2804 603 2849 arispam
631 2805 723 2839 ME
746 2807 757 2849 ΙΙ
784 2809 825 2839 17
852 2806 1016 2850 palladio
1045 2806 1137 2841 dixit
1161 2807 1200 2841 D
1225 2809 1236 2851 Η
1263 2808 1347 2842 111ᾶο
1373 2808 1459 2841 LII
1479 2809 1490 2851 ΙΙ
1518 2812 1559 2841 18
1587 2818 1809 2850 quamquam

118 2851 360 2897 praestiterit]
388 2852 564 2895 quoniam
590 2852 824 2896 praedixerat
848 2854 1130 2898 mythoyraphas
1158 2856 1170 2899 ΙΙ
1203 2859 1244 2889 19
1271 2856 1313 2889 ut
1338 2865 1403 2899 per
1428 2856 1564 2888 terram
1592 2854 1742 2898 rediret]
1771 2855 1811 2888 ut

119 2909 193 2932 non
219 2909 262 2933 ea
288 2898 346 2932 die
373 2910 445 2942 qua
471 2898 595 2943 graeci
621 2899 735 2934 ceteri
758 2900 954 2944 nauigaret
975 2900 1005 2935 G
1027 2903 1160 2936 utnon
1187 2930 1193 2935 .
1218 2930 1223 2935 .
1247 2930 1252 2935 .
1282 2901 1475 2945 nauigaret
1501 2902 1538 2935 et
1563 2901 1700 2935 faceret
1727 2912 1809 2935 eum

118 2956 182 2988 per
205 2946 343 2980 terram
374 2945 494 2980 redire
527 2946 632 2990 vulgo
664 2947 676 2990 Η
706 2957 771 2991 per
802 2957 867 2981 om.
896 2948 941 2981 M
973 2949 985 2992 Η
1016 2949 1113 2991 quod
1151 2950 1187 2983 et
1219 2949 1376 2992 contigit
1408 2959 1471 2981 om.
1502 2948 1545 2981 M
1583 2950 1693 2991 (supr.
1722 2958 1808 2983 vers,

250 3012 253 3015 ·
506 3007 541 3031 at
560 3013 609 3031 um
630 3009 638 3031 ι
720 3007 755 3032 a†
774 3014 913 3037 passuros
934 3010 943 3033 ι
1571 3008 1606 3032 a'r
1622 3007 1768 3037 perituros
1784 3016 1809 3033 m

120 3039 202 3074 aad.
222 3039 268 3083 m)
288 3041 300 3084 ΙΙ
320 3044 363 3074 20
390 3040 583 3086 naufragio
610 3052 687 3075 0880
713 3042 910 3086 pertituros
933 3053 977 3076 eoe
995 3042 1178 3086 periturus
1199 3043 1232 3075 L
1257 3040 1450 3086 naufragio
1471 3052 1549 3076 esse
1569 3052 1741 3086 passuros
1763 3043 1812 3076 M

284 3099 301 3125 †
315 3107 331 3124 0
350 3107 364 3125 e
480 3101 497 3127 †
516 3101 665 3131 perituros
683 3108 696 3125 e

119 3131 349 3178 naufragium
375 3144 453 3169 esse
479 3146 650 3180 passuros
676 3135 715 3168 E
732 3137 743 3180 ΙΙ
769 3140 811 3170 23
839 3136 1079 3171 Calchantem
1106 3137 1241 3172 Daniel
1260 3137 1272 3180 ΙΙ
1297 3147 1362 3181 pro
1391 3135 1476 3171 odio
1504 3147 1568 3171 om.
1596 3136 1733 3171 Daniel
