<?xml version="1.0" encoding="UTF-8"?>
<!DOCTYPE html PUBLIC "-//W3C//DTD XHTML 1.0 Transitional//EN"
    "http://www.w3.org/TR/xhtml1/DTD/xhtml1-transitional.dtd">
<html xmlns="http://www.w3.org/1999/xhtml" xml:lang="en" lang="en">
 <head>
  <title>
</title>
<meta http-equiv="Content-Type" content="text/html;charset=utf-8" />
  <meta name='ocr-system' content='tesseract 3.04.00' />
  <meta name='ocr-capabilities' content='ocr_page ocr_carea ocr_par ocr_line ocrx_word'/>
</head>
<body>
  <div class='ocr_page' id='page_1' title='image "./invergiliicarmin01servuoft_0679.png"; bbox 0 0 2204 3437; ppageno 0'>
   <div class='ocr_carea' id='block_1_1' title="bbox 537 194 1800 235">
    <p class='ocr_par' dir='ltr' id='par_1_1' title="bbox 537 194 1800 235">
     <span class='ocr_line' id='line_1_1' title="bbox 537 194 1800 235; baseline -0.003 -2"><span class='ocrx_word' id='word_1_1' title='bbox 537 197 686 233; x_wconf 87' lang='lat' dir='ltr'><strong>COMM.</strong></span> <span class='ocrx_word' id='word_1_2' title='bbox 714 197 764 231; x_wconf 89' lang='lat' dir='ltr'>IN</span> <span class='ocrx_word' id='word_1_3' title='bbox 792 196 931 231; x_wconf 83' lang='lat' dir='ltr'><strong>VERG.</strong></span> <span class='ocrx_word' id='word_1_4' title='bbox 959 195 1066 229; x_wconf 87' lang='lat' dir='ltr'>AEN.</span> <span class='ocrx_word' id='word_1_5' title='bbox 1096 195 1154 229; x_wconf 88' lang='lat' dir='ltr'>IV.</span> <span class='ocrx_word' id='word_1_6' title='bbox 1183 200 1278 230; x_wconf 53' lang='grc' dir='ltr'>629ῌ</span> <span class='ocrx_word' id='word_1_7' title='bbox 1300 199 1377 230; x_wconf 74' lang='lat'>644.</span> <span class='ocrx_word' id='word_1_8' title='bbox 1715 194 1800 235; x_wconf 80' lang='lat'>575</span> 
     </span>
    </p>
   </div>
   <div class='ocr_carea' id='block_1_2' title="bbox 109 271 1799 362">
    <p class='ocr_par' dir='ltr' id='par_1_2' title="bbox 109 271 1799 362">
     <span class='ocr_line' id='line_1_2' title="bbox 797 271 1779 290; baseline -0.003 3"><span class='ocrx_word' id='word_1_9' title='bbox 797 278 801 282; x_wconf 92' lang='grc'><strong>”</strong></span> <span class='ocrx_word' id='word_1_10' title='bbox 912 275 916 278; x_wconf 88' lang='grc'><strong>”</strong></span> <span class='ocrx_word' id='word_1_11' title='bbox 1761 271 1779 290; x_wconf 64' lang='lat'><strong>⁴</strong></span> 
     </span>
     <span class='ocr_line' id='line_1_3' title="bbox 109 302 1799 362; baseline -0.004 -12"><span class='ocrx_word' id='word_1_12' title='bbox 109 311 206 350; x_wconf 78' lang='lat' dir='ltr'>actu</span> <span class='ocrx_word' id='word_1_13' title='bbox 239 310 350 362; x_wconf 81' lang='lat' dir='ltr'>sunt,</span> <span class='ocrx_word' id='word_1_14' title='bbox 382 322 519 348; x_wconf 87' lang='lat' dir='ltr'>mares</span> <span class='ocrx_word' id='word_1_15' title='bbox 552 306 655 360; x_wconf 76' lang='lat' dir='ltr'>si11t3</span> <span class='ocrx_word' id='word_1_16' title='bbox 687 305 882 358; x_wconf 81' lang='lat' dir='ltr'>feminae,</span> <span class='ocrx_word' id='word_1_17' title='bbox 914 318 1008 345; x_wconf 88' lang='lat' dir='ltr'>cum</span> <span class='ocrx_word' id='word_1_18' title='bbox 1036 302 1226 357; x_wconf 86' lang='lat' dir='ltr'>patiendi</span> <span class='ocrx_word' id='word_1_19' title='bbox 1251 303 1413 346; x_wconf 83' lang='lat' dir='ltr'>habent</span> <span class='ocrx_word' id='word_1_20' title='bbox 1438 307 1655 346; x_wconf 85' lang='lat' dir='ltr'>naturam:</span> <span class='ocrx_word' id='word_1_21' title='bbox 1688 303 1799 345; x_wconf 84' lang='lat' dir='ltr'>unde</span> 
     </span>
    </p>
   </div>
   <div class='ocr_carea' id='block_1_3' title="bbox 101 374 1802 2213">
    <p class='ocr_par' dir='ltr' id='par_1_3' title="bbox 105 374 1799 856">
     <span class='ocr_line' id='line_1_4' title="bbox 107 374 1799 434; baseline -0.004 -13"><span class='ocrx_word' id='word_1_22' title='bbox 107 382 172 421; x_wconf 88' lang='lat' dir='ltr'>est</span> <span class='ocrx_word' id='word_1_23' title='bbox 203 378 440 433; x_wconf 83' lang='lat' dir='ltr'>coniugis</span> <span class='ocrx_word' id='word_1_24' title='bbox 472 378 523 419; x_wconf 89' lang='lat' dir='ltr'>in</span> <span class='ocrx_word' id='word_1_25' title='bbox 555 377 797 434; x_wconf 86' lang='lat' dir='ltr'>gremium</span> <span class='ocrx_word' id='word_1_26' title='bbox 830 376 998 417; x_wconf 84' lang='lat' dir='ltr'>laetae</span> <span class='ocrx_word' id='word_1_27' title='bbox 1030 374 1304 416; x_wconf 86' lang='lat' dir='ltr'>descendit.</span> <span class='ocrx_word' id='word_1_28' title='bbox 1368 375 1420 416; x_wconf 84' lang='lat' dir='ltr'>ab</span> <span class='ocrx_word' id='word_1_29' title='bbox 1455 375 1621 416; x_wconf 87' lang='lat' dir='ltr'>actibus</span> <span class='ocrx_word' id='word_1_30' title='bbox 1655 377 1799 416; x_wconf 83' lang='lat' dir='ltr'>autem</span> 
     </span>
     <span class='ocr_line' id='line_1_5' title="bbox 107 444 1798 504; baseline -0.003 -12"><span class='ocrx_word' id='word_1_31' title='bbox 107 452 330 504; x_wconf 79' lang='lat' dir='ltr'>vocantur,</span> <span class='ocrx_word' id='word_1_32' title='bbox 375 453 422 491; x_wconf 92' lang='lat' dir='ltr'>ut</span> <span class='ocrx_word' id='word_1_33' title='bbox 466 447 696 503; x_wconf 77' lang='lat' dir='ltr'>‘Iuppiter’</span> <span class='ocrx_word' id='word_1_34' title='bbox 738 448 888 488; x_wconf 88' lang='lat' dir='ltr'>iuvans</span> <span class='ocrx_word' id='word_1_35' title='bbox 932 448 1072 501; x_wconf 79' lang='lat' dir='ltr'>pater3</span> <span class='ocrx_word' id='word_1_36' title='bbox 1114 444 1390 486; x_wconf 70' lang='lat' dir='ltr'>‘Mercurius&#39;</span> <span class='ocrx_word' id='word_1_37' title='bbox 1434 446 1545 500; x_wconf 87' lang='lat' dir='ltr'>quod</span> <span class='ocrx_word' id='word_1_38' title='bbox 1586 446 1798 487; x_wconf 78' lang='lat' dir='ltr'><strong>mercibus</strong></span> 
     </span>
     <span class='ocr_line' id='line_1_6' title="bbox 106 515 1799 577; baseline -0.003 -14"><span class='ocrx_word' id='word_1_39' title='bbox 106 523 293 577; x_wconf 82' lang='lat' dir='ltr'>praeest3</span> <span class='ocrx_word' id='word_1_40' title='bbox 327 519 497 562; x_wconf 73' lang='lat' dir='ltr'>‘Liber&#39;</span> <span class='ocrx_word' id='word_1_41' title='bbox 530 534 555 560; x_wconf 93' lang='lat' dir='ltr'>a</span> <span class='ocrx_word' id='word_1_42' title='bbox 587 519 798 560; x_wconf 86' lang='lat' dir='ltr'>libertate.</span> <span class='ocrx_word' id='word_1_43' title='bbox 861 518 920 559; x_wconf 89' lang='lat' dir='ltr'>sic</span> <span class='ocrx_word' id='word_1_44' title='bbox 947 530 1048 571; x_wconf 82' lang='lat' dir='ltr'>ergo</span> <span class='ocrx_word' id='word_1_45' title='bbox 1077 518 1118 557; x_wconf 87' lang='lat' dir='ltr'>et</span> <span class='ocrx_word' id='word_1_46' title='bbox 1145 515 1270 557; x_wconf 86' lang='lat' dir='ltr'>modo</span> <span class='ocrx_word' id='word_1_47' title='bbox 1297 516 1442 557; x_wconf 79' lang='lat' dir='ltr'>Iovem</span> <span class='ocrx_word' id='word_1_48' title='bbox 1469 516 1667 571; x_wconf 78' lang='lat' dir='ltr'>Stygium</span> <span class='ocrx_word' id='word_1_49' title='bbox 1695 517 1799 558; x_wconf 89' lang='lat' dir='ltr'>dicit</span> 
     </span>
     <span class='ocr_line' id='line_1_7' title="bbox 106 586 1797 644; baseline -0.003 -10"><span class='ocrx_word' id='word_1_50' title='bbox 106 592 253 634; x_wconf 83' lang='lat' dir='ltr'>inferis</span> <span class='ocrx_word' id='word_1_51' title='bbox 287 591 596 644; x_wconf 83' lang='lat' dir='ltr'>sacrificatura,</span> <span class='ocrx_word' id='word_1_52' title='bbox 628 592 676 631; x_wconf 90' lang='lat' dir='ltr'>ut</span> <span class='ocrx_word' id='word_1_53' title='bbox 715 589 819 630; x_wconf 88' lang='lat' dir='ltr'>alibi</span> <span class='ocrx_word' id='word_1_54' title='bbox 857 588 946 641; x_wconf 86' lang='lat' dir='ltr'>&lt;VI</span> <span class='ocrx_word' id='word_1_55' title='bbox 988 587 1096 641; x_wconf 84' lang='lat'>138&gt;</span> <span class='ocrx_word' id='word_1_56' title='bbox 1135 586 1321 628; x_wconf 86' lang='lat' dir='ltr'>Iunoni</span> <span class='ocrx_word' id='word_1_57' title='bbox 1361 587 1592 629; x_wconf 88' lang='lat' dir='ltr'>infernae</span> <span class='ocrx_word' id='word_1_58' title='bbox 1630 588 1797 629; x_wconf 88' lang='lat' dir='ltr'>dictus</span> 
     </span>
     <span class='ocr_line' id='line_1_8' title="bbox 108 658 1799 713; baseline -0.004 -8"><span class='ocrx_word' id='word_1_59' title='bbox 108 678 260 705; x_wconf 85' lang='lat' dir='ltr'>sacer.</span> <span class='ocrx_word' id='word_1_60' title='bbox 322 662 421 703; x_wconf 87' lang='lat' dir='ltr'>hinc</span> <span class='ocrx_word' id='word_1_61' title='bbox 453 664 497 703; x_wconf 89' lang='lat' dir='ltr'>et</span> <span class='ocrx_word' id='word_1_62' title='bbox 529 660 643 702; x_wconf 86' lang='lat' dir='ltr'>Iovis</span> <span class='ocrx_word' id='word_1_63' title='bbox 677 659 814 701; x_wconf 85' lang='lat' dir='ltr'>oratio</span> <span class='ocrx_word' id='word_1_64' title='bbox 848 659 1128 701; x_wconf 85' lang='lat' dir='ltr'>caelicolae</span> <span class='ocrx_word' id='word_1_65' title='bbox 1167 672 1273 699; x_wconf 88' lang='lat' dir='ltr'>mea</span> <span class='ocrx_word' id='word_1_66' title='bbox 1306 658 1526 699; x_wconf 85' lang='lat' dir='ltr'>membra</span> <span class='ocrx_word' id='word_1_67' title='bbox 1558 659 1640 699; x_wconf 87' lang='lat' dir='ltr'>dei</span> <span class='ocrx_word' id='word_1_68' title='bbox 1673 674 1799 713; x_wconf 88' lang='lat' dir='ltr'>quos</span> 
     </span>
     <span class='ocr_line' id='line_1_9' title="bbox 106 730 1798 787; baseline -0.004 -11"><span class='ocrx_word' id='word_1_69' title='bbox 106 737 287 776; x_wconf 86' lang='lat' dir='ltr'>nostra</span> <span class='ocrx_word' id='word_1_70' title='bbox 318 734 552 787; x_wconf 84' lang='lat' dir='ltr'>potestas</span> <span class='ocrx_word' id='word_1_71' title='bbox 585 731 786 772; x_wconf 83' lang='lat' dir='ltr'>officiis</span> <span class='ocrx_word' id='word_1_72' title='bbox 826 730 994 771; x_wconf 82' lang='lat' dir='ltr'>divisa</span> <span class='ocrx_word' id='word_1_73' title='bbox 1032 730 1170 771; x_wconf 88' lang='lat' dir='ltr'>facit.</span> <span class='ocrx_word' id='word_1_74' title='bbox 1292 741 1412 779; x_wconf 74' lang='lat' dir='ltr'><strong>QVAE</strong></span> <span class='ocrx_word' id='word_1_75' title='bbox 1452 741 1558 769; x_wconf 78' lang='lat' dir='ltr'>RITE</span> <span class='ocrx_word' id='word_1_76' title='bbox 1598 740 1798 770; x_wconf 82' lang='lat' dir='ltr'>INCEPTA</span> 
     </span>
     <span class='ocr_line' id='line_1_10' title="bbox 105 799 1670 856; baseline -0.004 -8"><span class='ocrx_word' id='word_1_77' title='bbox 105 818 274 848; x_wconf 78' lang='lat' dir='ltr'><strong>PARAVI</strong></span> <span class='ocrx_word' id='word_1_78' title='bbox 307 804 410 846; x_wconf 88' lang='lat' dir='ltr'>ordo</span> <span class='ocrx_word' id='word_1_79' title='bbox 445 806 527 845; x_wconf 88' lang='lat' dir='ltr'>est:</span> <span class='ocrx_word' id='word_1_80' title='bbox 561 818 682 844; x_wconf 82' lang='lat' dir='ltr'>sacra</span> <span class='ocrx_word' id='word_1_81' title='bbox 713 817 820 856; x_wconf 88' lang='lat' dir='ltr'>quae</span> <span class='ocrx_word' id='word_1_82' title='bbox 853 801 1014 855; x_wconf 82' lang='lat' dir='ltr'>paravi,</span> <span class='ocrx_word' id='word_1_83' title='bbox 1049 801 1216 841; x_wconf 86' lang='lat' dir='ltr'>animus</span> <span class='ocrx_word' id='word_1_84' title='bbox 1250 803 1315 841; x_wconf 86' lang='lat' dir='ltr'>est</span> <span class='ocrx_word' id='word_1_85' title='bbox 1346 799 1426 840; x_wconf 84' lang='lat' dir='ltr'>rite</span> <span class='ocrx_word' id='word_1_86' title='bbox 1460 799 1670 853; x_wconf 87' lang='lat' dir='ltr'>perficere.</span> 
     </span>
    </p>

    <p class='ocr_par' dir='ltr' id='par_1_4' title="bbox 104 870 1800 1070">
     <span class='ocr_line' id='line_1_11' title="bbox 223 870 1800 924; baseline -0.004 -7"><span class='ocrx_word' id='word_1_87' title='bbox 223 876 319 917; x_wconf 82' lang='lat'><strong>639.</strong></span> <span class='ocrx_word' id='word_1_88' title='bbox 370 892 582 916; x_wconf 60' lang='lat' dir='ltr'>mame-Em</span> <span class='ocrx_word' id='word_1_89' title='bbox 606 890 678 915; x_wconf 80' lang='lat' dir='ltr'>EST</span> <span class='ocrx_word' id='word_1_90' title='bbox 699 889 848 915; x_wconf 30' lang='lat' dir='ltr'>Ais-[iuss</span> <span class='ocrx_word' id='word_1_91' title='bbox 880 873 1000 913; x_wconf 73' lang='lat' dir='ltr'>nce&#39;rc:</span> <span class='ocrx_word' id='word_1_92' title='bbox 1039 872 1235 924; x_wconf 69' lang='lat' dir='ltr'>quamdiu</span> <span class='ocrx_word' id='word_1_93' title='bbox 1273 872 1381 912; x_wconf 66' lang='lat' dir='ltr'>enim</span> <span class='ocrx_word' id='word_1_94' title='bbox 1415 870 1576 912; x_wconf 72' lang='lat' dir='ltr'>Aeneas</span> <span class='ocrx_word' id='word_1_95' title='bbox 1606 885 1800 924; x_wconf 72' lang='lat' dir='ltr'>praesens</span> 
     </span>
     <span class='ocr_line' id='line_1_12' title="bbox 104 942 1799 998; baseline -0.004 -10"><span class='ocrx_word' id='word_1_96' title='bbox 104 951 191 989; x_wconf 75' lang='lat' dir='ltr'>erat</span> <span class='ocrx_word' id='word_1_97' title='bbox 221 961 303 988; x_wconf 76' lang='lat' dir='ltr'>non</span> <span class='ocrx_word' id='word_1_98' title='bbox 334 947 498 987; x_wconf 71' lang='lat' dir='ltr'>ommno</span> <span class='ocrx_word' id='word_1_99' title='bbox 529 946 744 998; x_wconf 64' lang='lat' dir='ltr'>desperans</span> <span class='ocrx_word' id='word_1_100' title='bbox 770 943 951 985; x_wconf 72' lang='lat' dir='ltr'>trahebat</span> <span class='ocrx_word' id='word_1_101' title='bbox 974 943 1156 984; x_wconf 64' lang='lat' dir='ltr'>exitium.</span> <span class='ocrx_word' id='word_1_102' title='bbox 1249 950 1378 984; x_wconf 80' lang='lat' dir='ltr'>CVRIS</span> <span class='ocrx_word' id='word_1_103' title='bbox 1405 945 1544 982; x_wconf 73' lang='lat' dir='ltr'>utrmn</span> <span class='ocrx_word' id='word_1_104' title='bbox 1570 942 1799 995; x_wconf 77' lang='lat' dir='ltr'>amoribus,</span> 
     </span>
     <span class='ocr_line' id='line_1_13' title="bbox 104 1017 510 1070; baseline -0.005 -11"><span class='ocrx_word' id='word_1_105' title='bbox 104 1033 161 1060; x_wconf 77' lang='grc' dir='ltr'>αη</span> <span class='ocrx_word' id='word_1_106' title='bbox 191 1019 250 1060; x_wconf 70' lang='grc' dir='ltr'>νεὶ</span> <span class='ocrx_word' id='word_1_107' title='bbox 279 1017 510 1070; x_wconf 74' lang='lat' dir='ltr'><em>susceptae?</em></span> 
     </span>
    </p>

    <p class='ocr_par' dir='ltr' id='par_1_5' title="bbox 104 1083 1802 1274">
     <span class='ocr_line' id='line_1_14' title="bbox 223 1083 1798 1139; baseline -0.004 -9"><span class='ocrx_word' id='word_1_108' title='bbox 223 1089 319 1130; x_wconf 81' lang='lat'><strong>640.</strong></span> <span class='ocrx_word' id='word_1_109' title='bbox 370 1099 690 1136; x_wconf 81' lang='lat' dir='ltr'><strong>DARDANIIQVE</strong></span> <span class='ocrx_word' id='word_1_110' title='bbox 724 1098 882 1129; x_wconf 82' lang='lat' dir='ltr'><strong>ROGVM</strong></span> <span class='ocrx_word' id='word_1_111' title='bbox 922 1098 1100 1128; x_wconf 78' lang='lat' dir='ltr'>CAPITIS</span> <span class='ocrx_word' id='word_1_112' title='bbox 1140 1085 1183 1126; x_wconf 87' lang='lat' dir='ltr'>in</span> <span class='ocrx_word' id='word_1_113' title='bbox 1221 1099 1303 1139; x_wconf 91' lang='lat' dir='ltr'>quo</span> <span class='ocrx_word' id='word_1_114' title='bbox 1337 1083 1426 1125; x_wconf 88' lang='lat' dir='ltr'>eius</span> <span class='ocrx_word' id='word_1_115' title='bbox 1465 1084 1610 1139; x_wconf 81' lang='lat' dir='ltr'>imago</span> <span class='ocrx_word' id='word_1_116' title='bbox 1650 1085 1798 1125; x_wconf 78' lang='lat' dir='ltr'>fuerat.</span> 
     </span>
     <span class='ocr_line' id='line_1_15' title="bbox 107 1155 1802 1212; baseline -0.004 -10"><span class='ocrx_word' id='word_1_117' title='bbox 107 1165 144 1202; x_wconf 74' lang='lat' dir='ltr'>et</span> <span class='ocrx_word' id='word_1_118' title='bbox 173 1161 266 1202; x_wconf 77' lang='lat' dir='ltr'>benc</span> <span class='ocrx_word' id='word_1_119' title='bbox 296 1174 415 1202; x_wconf 75' lang='lat' dir='ltr'>suum</span> <span class='ocrx_word' id='word_1_120' title='bbox 448 1172 587 1212; x_wconf 59' lang='lat' dir='ltr'>royano</span> <span class='ocrx_word' id='word_1_121' title='bbox 618 1158 732 1199; x_wconf 65' lang='lat' dir='ltr'>illius</span> <span class='ocrx_word' id='word_1_122' title='bbox 772 1158 886 1207; x_wconf 65' lang='lat' dir='ltr'>dicit,</span> <span class='ocrx_word' id='word_1_123' title='bbox 926 1171 975 1197; x_wconf 72' lang='lat' dir='ltr'>nc</span> <span class='ocrx_word' id='word_1_124' title='bbox 1014 1156 1280 1209; x_wconf 59' lang='lat' dir='ltr'>smpicioucm</span> <span class='ocrx_word' id='word_1_125' title='bbox 1317 1155 1457 1207; x_wconf 70' lang='lat' dir='ltr'>faciat.</span> <span class='ocrx_word' id='word_1_126' title='bbox 1560 1172 1802 1197; x_wconf 75' lang='lat' dir='ltr'>PERMITTERE</span> 
     </span>
     <span class='ocr_line' id='line_1_16' title="bbox 104 1231 532 1274; baseline -0.009 1"><span class='ocrx_word' id='word_1_127' title='bbox 104 1249 292 1274; x_wconf 74' lang='lat' dir='ltr'><em>FLAMMAE</em></span> <span class='ocrx_word' id='word_1_128' title='bbox 316 1231 532 1273; x_wconf 71' lang='lat' dir='ltr'>incendere.</span> 
     </span>
    </p>

    <p class='ocr_par' dir='ltr' id='par_1_6' title="bbox 105 1297 1800 1571">
     <span class='ocr_line' id='line_1_17' title="bbox 223 1297 1795 1354; baseline -0.004 -10"><span class='ocrx_word' id='word_1_129' title='bbox 223 1303 318 1344; x_wconf 81' lang='lat'>641.</span> <span class='ocrx_word' id='word_1_130' title='bbox 369 1314 534 1344; x_wconf 85' lang='lat' dir='ltr'>STVDIO</span> <span class='ocrx_word' id='word_1_131' title='bbox 569 1313 696 1342; x_wconf 83' lang='lat' dir='ltr'>ANILI</span> <span class='ocrx_word' id='word_1_132' title='bbox 736 1303 809 1342; x_wconf 86' lang='lat' dir='ltr'>aut</span> <span class='ocrx_word' id='word_1_133' title='bbox 846 1314 922 1354; x_wconf 83' lang='lat' dir='ltr'>pro</span> <span class='ocrx_word' id='word_1_134' title='bbox 965 1299 1118 1340; x_wconf 85' lang='lat' dir='ltr'>aetatis</span> <span class='ocrx_word' id='word_1_135' title='bbox 1158 1297 1467 1352; x_wconf 83' lang='lat' dir='ltr'>possibilitate:</span> <span class='ocrx_word' id='word_1_136' title='bbox 1510 1300 1581 1339; x_wconf 85' lang='lat' dir='ltr'>aut</span> <span class='ocrx_word' id='word_1_137' title='bbox 1620 1312 1695 1352; x_wconf 88' lang='lat' dir='ltr'>pro</span> <span class='ocrx_word' id='word_1_138' title='bbox 1735 1297 1795 1338; x_wconf 85' lang='lat' dir='ltr'>in—</span> 
     </span>
     <span class='ocr_line' id='line_1_18' title="bbox 106 1368 1795 1429; baseline -0.003 -15"><span class='ocrx_word' id='word_1_139' title='bbox 106 1373 271 1416; x_wconf 82' lang='lat' dir='ltr'>dustria</span> <span class='ocrx_word' id='word_1_140' title='bbox 304 1389 385 1429; x_wconf 88' lang='lat' dir='ltr'>qua</span> <span class='ocrx_word' id='word_1_141' title='bbox 419 1375 594 1414; x_wconf 85' lang='lat' dir='ltr'>utuntur</span> <span class='ocrx_word' id='word_1_142' title='bbox 626 1372 836 1414; x_wconf 75' lang='lat' dir='ltr'>aniculae:</span> <span class='ocrx_word' id='word_1_143' title='bbox 869 1374 942 1411; x_wconf 72' lang='lat' dir='ltr'>aut</span> <span class='ocrx_word' id='word_1_144' title='bbox 967 1384 1044 1423; x_wconf 74' lang='lat' dir='ltr'>pro</span> <span class='ocrx_word' id='word_1_145' title='bbox 1075 1370 1279 1411; x_wconf 68' lang='lat' dir='ltr'>voluntate</span> <span class='ocrx_word' id='word_1_146' title='bbox 1310 1369 1556 1422; x_wconf 70' lang='lat' dir='ltr'>obsequendi.</span> <span class='ocrx_word' id='word_1_147' title='bbox 1617 1369 1693 1409; x_wconf 64' lang='lat' dir='ltr'>alasa·</span> <span class='ocrx_word' id='word_1_148' title='bbox 1726 1368 1795 1410; x_wconf 72' lang='lat' dir='ltr'>‘ce-</span> 
     </span>
     <span class='ocr_line' id='line_1_19' title="bbox 107 1440 1800 1499; baseline -0.004 -12"><span class='ocrx_word' id='word_1_149' title='bbox 107 1445 303 1487; x_wconf 70' lang='lat' dir='ltr'>lebrabat&#39;</span> <span class='ocrx_word' id='word_1_150' title='bbox 337 1446 480 1499; x_wconf 66' lang='lat' dir='ltr'>leymzt,</span> <span class='ocrx_word' id='word_1_151' title='bbox 512 1445 609 1497; x_wconf 72' lang='lat' dir='ltr'>quia</span> <span class='ocrx_word' id='word_1_152' title='bbox 635 1444 796 1495; x_wconf 60' lang='lat' dir='ltr'>(antiqui</span> <span class='ocrx_word' id='word_1_153' title='bbox 821 1442 892 1483; x_wconf 69' lang='lat'>7200</span> <span class='ocrx_word' id='word_1_154' title='bbox 916 1442 1078 1483; x_wconf 72' lang='lat' dir='ltr'>verbzwn</span> <span class='ocrx_word' id='word_1_155' title='bbox 1104 1442 1149 1482; x_wconf 67' lang='lat' dir='ltr'>vin</span> <span class='ocrx_word' id='word_1_156' title='bbox 1174 1441 1376 1482; x_wconf 65' lang='lat' dir='ltr'>velocitate</span> <span class='ocrx_word' id='word_1_157' title='bbox 1396 1440 1608 1496; x_wconf 72' lang='lat' dir='ltr'>ponebant.</span> <span class='ocrx_word' id='word_1_158' title='bbox 1651 1440 1800 1481; x_wconf 72' lang='lat' dir='ltr'>Accius</span> 
     </span>
     <span class='ocr_line' id='line_1_20' title="bbox 105 1515 1028 1571; baseline -0.003 -13"><span class='ocrx_word' id='word_1_159' title='bbox 105 1517 280 1558; x_wconf 62' lang='lat' dir='ltr'>celebra·</span> <span class='ocrx_word' id='word_1_160' title='bbox 307 1518 465 1571; x_wconf 60' lang='lat' dir='ltr'>gradu</span> <span class='ocrx_word' id='word_1_161' title='bbox 494 1530 713 1570; x_wconf 70' lang='lat' dir='ltr'>yressum</span> <span class='ocrx_word' id='word_1_162' title='bbox 743 1515 1028 1557; x_wconf 74' lang='lat' dir='ltr'>adcelerate.</span> 
     </span>
    </p>

    <p class='ocr_par' dir='ltr' id='par_1_7' title="bbox 225 1582 1799 1630">
     <span class='ocr_line' id='line_1_21' title="bbox 225 1582 1799 1630; baseline -0.004 -1"><span class='ocrx_word' id='word_1_163' title='bbox 225 1589 320 1630; x_wconf 78' lang='lat'>642.</span> <span class='ocrx_word' id='word_1_164' title='bbox 372 1600 429 1629; x_wconf 87' lang='lat' dir='ltr'>AT</span> <span class='ocrx_word' id='word_1_165' title='bbox 463 1599 664 1629; x_wconf 80' lang='lat' dir='ltr'><strong>TREPIDA</strong></span> <span class='ocrx_word' id='word_1_166' title='bbox 696 1586 767 1627; x_wconf 77' lang='lat' dir='ltr'>hoc</span> <span class='ocrx_word' id='word_1_167' title='bbox 798 1589 854 1627; x_wconf 73' lang='lat' dir='ltr'>est</span> <span class='ocrx_word' id='word_1_168' title='bbox 885 1584 1058 1625; x_wconf 81' lang='lat' dir='ltr'>festina:</span> <span class='ocrx_word' id='word_1_169' title='bbox 1091 1598 1191 1624; x_wconf 79' lang='lat' dir='ltr'>nani</span> <span class='ocrx_word' id='word_1_170' title='bbox 1229 1583 1440 1624; x_wconf 85' lang='lat' dir='ltr'>moritura</span> <span class='ocrx_word' id='word_1_171' title='bbox 1472 1582 1579 1624; x_wconf 86' lang='lat' dir='ltr'><strong>nihil</strong></span> <span class='ocrx_word' id='word_1_172' title='bbox 1607 1582 1799 1623; x_wconf 85' lang='lat' dir='ltr'>timebat.</span> 
     </span>
    </p>

    <p class='ocr_par' dir='ltr' id='par_1_8' title="bbox 109 1656 1798 1785">
     <span class='ocr_line' id='line_1_22' title="bbox 200 1656 1798 1713; baseline -0.004 -11"><span class='ocrx_word' id='word_1_173' title='bbox 200 1662 378 1712; x_wconf 78' lang='lat' dir='ltr'>TREPIDA]</span> <span class='ocrx_word' id='word_1_174' title='bbox 410 1660 573 1713; x_wconf 61' lang='lat' dir='ltr'>festina,</span> <span class='ocrx_word' id='word_1_175' title='bbox 607 1660 648 1701; x_wconf 58' lang='lat' dir='ltr'>dd</span> <span class='ocrx_word' id='word_1_176' title='bbox 678 1662 735 1700; x_wconf 59' lang='lat' dir='ltr'>est</span> <span class='ocrx_word' id='word_1_177' title='bbox 764 1657 965 1699; x_wconf 70' lang='lat' dir='ltr'><em>occasione</em></span> <span class='ocrx_word' id='word_1_178' title='bbox 996 1657 1065 1697; x_wconf 67' lang='lat' dir='ltr'>vix</span> <span class='ocrx_word' id='word_1_179' title='bbox 1096 1656 1204 1696; x_wconf 72' lang='lat' dir='ltr'>data..</span> <span class='ocrx_word' id='word_1_180' title='bbox 1324 1665 1514 1696; x_wconf 84' lang='lat' dir='ltr'>COEPTIS</span> <span class='ocrx_word' id='word_1_181' title='bbox 1549 1665 1798 1695; x_wconf 79' lang='lat' dir='ltr'>INMANIBVS</span> 
     </span>
     <span class='ocr_line' id='line_1_23' title="bbox 109 1723 1709 1785; baseline -0.004 -14"><span class='ocrx_word' id='word_1_182' title='bbox 109 1742 285 1772; x_wconf 82' lang='lat' dir='ltr'>EFFERA</span> <span class='ocrx_word' id='word_1_183' title='bbox 317 1733 476 1773; x_wconf 85' lang='lat' dir='ltr'>furiata</span> <span class='ocrx_word' id='word_1_184' title='bbox 508 1731 644 1772; x_wconf 86' lang='lat' dir='ltr'>saevis</span> <span class='ocrx_word' id='word_1_185' title='bbox 678 1728 1027 1785; x_wconf 70' lang='lat' dir='ltr'>cogitationibus,</span> <span class='ocrx_word' id='word_1_186' title='bbox 1089 1723 1255 1777; x_wconf 69' lang='lat' dir='ltr'>‘effera&#39;</span> <span class='ocrx_word' id='word_1_187' title='bbox 1288 1728 1422 1766; x_wconf 68' lang='lat' dir='ltr'>antem</span> <span class='ocrx_word' id='word_1_188' title='bbox 1454 1725 1579 1766; x_wconf 60' lang='lat' dir='ltr'>nimis</span> <span class='ocrx_word' id='word_1_189' title='bbox 1607 1725 1709 1777; x_wconf 74' lang='lat' dir='ltr'>fera.</span> 
     </span>
    </p>

    <p class='ocr_par' dir='ltr' id='par_1_9' title="bbox 101 1797 1800 1929">
     <span class='ocr_line' id='line_1_24' title="bbox 223 1797 1800 1868; baseline -0.005 -23"><span class='ocrx_word' id='word_1_190' title='bbox 223 1804 320 1845; x_wconf 77' lang='lat'>643.</span> <span class='ocrx_word' id='word_1_191' title='bbox 370 1820 623 1845; x_wconf 68' lang='lat' dir='ltr'><strong><em>SANGVINEAM</em></strong></span> <span class='ocrx_word' id='word_1_192' title='bbox 651 1818 770 1868; x_wconf 52' lang='lat' dir='ltr'>aemi]</span> <span class='ocrx_word' id='word_1_193' title='bbox 814 1814 923 1841; x_wconf 76' lang='lat' dir='ltr'>more</span> <span class='ocrx_word' id='word_1_194' title='bbox 964 1813 1035 1840; x_wconf 71' lang='lat' dir='ltr'>suo</span> <span class='ocrx_word' id='word_1_195' title='bbox 1080 1798 1250 1839; x_wconf 66' lang='lat' dir='ltr'>ostendit</span> <span class='ocrx_word' id='word_1_196' title='bbox 1291 1810 1381 1837; x_wconf 80' lang='lat' dir='ltr'>eam</span> <span class='ocrx_word' id='word_1_197' title='bbox 1427 1797 1628 1849; x_wconf 68' lang='lat' dir='ltr'>furentem</span> <span class='ocrx_word' id='word_1_198' title='bbox 1674 1797 1800 1860; x_wconf 57' lang='lat' dir='ltr'>vultu,</span> 
     </span>
     <span class='ocr_line' id='line_1_25' title="bbox 101 1878 360 1929; baseline 0 -13"><span class='ocrx_word' id='word_1_199' title='bbox 101 1878 231 1929; x_wconf 61' lang='lat' dir='ltr'>gestu,</span> <span class='ocrx_word' id='word_1_200' title='bbox 261 1889 360 1916; x_wconf 77' lang='lat' dir='ltr'>voce.</span> 
     </span>
    </p>

    <p class='ocr_par' dir='ltr' id='par_1_10' title="bbox 105 1941 1800 2213">
     <span class='ocr_line' id='line_1_26' title="bbox 223 1941 1800 1993; baseline -0.005 -5"><span class='ocrx_word' id='word_1_201' title='bbox 223 1947 320 1988; x_wconf 82' lang='lat'>644.</span> <span class='ocrx_word' id='word_1_202' title='bbox 370 1962 559 1991; x_wconf 71' lang='lat' dir='ltr'><em>MACVLJSQ</em></span> <span class='ocrx_word' id='word_1_203' title='bbox 570 1962 618 1986; x_wconf 63' lang='lat' dir='ltr'>Vr:</span> <span class='ocrx_word' id='word_1_204' title='bbox 644 1960 859 1986; x_wconf 70' lang='lat' dir='ltr'><em>TREMENTIS</em></span> <span class='ocrx_word' id='word_1_205' title='bbox 884 1958 1099 1985; x_wconf 75' lang='lat' dir='ltr'><em>INTERFVSA</em></span> <span class='ocrx_word' id='word_1_206' title='bbox 1125 1958 1249 1984; x_wconf 70' lang='lat' dir='ltr'><em>GENAS</em></span> <span class='ocrx_word' id='word_1_207' title='bbox 1272 1941 1343 1983; x_wconf 72' lang='lat' dir='ltr'>hoc</span> <span class='ocrx_word' id='word_1_208' title='bbox 1367 1944 1423 1982; x_wconf 74' lang='lat' dir='ltr'>est</span> <span class='ocrx_word' id='word_1_209' title='bbox 1449 1943 1655 1982; x_wconf 67' lang='lat' dir='ltr'>trementes</span> <span class='ocrx_word' id='word_1_210' title='bbox 1675 1953 1800 1993; x_wconf 60' lang='lat' dir='ltr'>genas</span> 
     </span>
     <span class='ocr_line' id='line_1_27' title="bbox 105 2010 1796 2071; baseline -0.007 -10"><span class='ocrx_word' id='word_1_211' title='bbox 105 2019 327 2071; x_wconf 66' lang='lat' dir='ltr'>iuterfficsas</span> <span class='ocrx_word' id='word_1_212' title='bbox 357 2017 504 2059; x_wconf 74' lang='lat' dir='ltr'>habens</span> <span class='ocrx_word' id='word_1_213' title='bbox 536 2017 718 2058; x_wconf 71' lang='lat' dir='ltr'>maculis.</span> <span class='ocrx_word' id='word_1_214' title='bbox 843 2019 1039 2055; x_wconf 80' lang='lat' dir='ltr'><strong>PALLIDA</strong></span> <span class='ocrx_word' id='word_1_215' title='bbox 1072 2025 1228 2056; x_wconf 81' lang='lat' dir='ltr'><strong>MORTE</strong></span> <span class='ocrx_word' id='word_1_216' title='bbox 1264 2023 1445 2053; x_wconf 64' lang='lat' dir='ltr'><strong>FVTVRA</strong></span> <span class='ocrx_word' id='word_1_217' title='bbox 1479 2014 1552 2053; x_wconf 82' lang='lat' dir='ltr'>aut</span> <span class='ocrx_word' id='word_1_218' title='bbox 1584 2010 1796 2065; x_wconf 78' lang='lat' dir='ltr'>pallidior,</span> 
     </span>
     <span class='ocr_line' id='line_1_28' title="bbox 107 2081 1799 2145; baseline -0.006 -13"><span class='ocrx_word' id='word_1_219' title='bbox 107 2105 236 2145; x_wconf 80' lang='lat' dir='ltr'>quam</span> <span class='ocrx_word' id='word_1_220' title='bbox 269 2089 407 2131; x_wconf 85' lang='lat' dir='ltr'>solent</span> <span class='ocrx_word' id='word_1_221' title='bbox 437 2089 632 2130; x_wconf 85' lang='lat' dir='ltr'>homines</span> <span class='ocrx_word' id='word_1_222' title='bbox 666 2102 757 2129; x_wconf 89' lang='lat' dir='ltr'>esse</span> <span class='ocrx_word' id='word_1_223' title='bbox 783 2090 882 2141; x_wconf 85' lang='lat' dir='ltr'>post</span> <span class='ocrx_word' id='word_1_224' title='bbox 907 2088 1105 2127; x_wconf 86' lang='lat' dir='ltr'>mortem:</span> <span class='ocrx_word' id='word_1_225' title='bbox 1139 2087 1214 2126; x_wconf 88' lang='lat' dir='ltr'>aut</span> <span class='ocrx_word' id='word_1_226' title='bbox 1245 2082 1446 2138; x_wconf 60' lang='lat' dir='ltr'>‘pallida’</span> <span class='ocrx_word' id='word_1_227' title='bbox 1480 2082 1622 2124; x_wconf 86' lang='lat' dir='ltr'>omine</span> <span class='ocrx_word' id='word_1_228' title='bbox 1648 2081 1799 2122; x_wconf 89' lang='lat' dir='ltr'>mortis</span> 
     </span>
     <span class='ocr_line' id='line_1_29' title="bbox 106 2156 1304 2213; baseline -0.006 -10"><span class='ocrx_word' id='word_1_229' title='bbox 106 2161 288 2203; x_wconf 86' lang='lat' dir='ltr'>futurae.</span> <span class='ocrx_word' id='word_1_230' title='bbox 348 2164 423 2202; x_wconf 75' lang='lat' dir='ltr'>aut</span> <span class='ocrx_word' id='word_1_231' title='bbox 452 2159 650 2213; x_wconf 65' lang='lat' dir='ltr'>‘pallida&#39;</span> <span class='ocrx_word' id='word_1_232' title='bbox 682 2159 925 2201; x_wconf 72' lang='lat' dir='ltr'>conscicntia</span> <span class='ocrx_word' id='word_1_233' title='bbox 955 2157 1098 2198; x_wconf 69' lang='lat' dir='ltr'>mortis</span> <span class='ocrx_word' id='word_1_234' title='bbox 1125 2156 1304 2208; x_wconf 74' lang='lat' dir='ltr'>futurae.</span> 
     </span>
    </p>
   </div>
   <div class='ocr_carea' id='block_1_4' title="bbox 201 2282 1681 2337">
    <p class='ocr_par' dir='ltr' id='par_1_11' title="bbox 201 2282 1681 2337">
     <span class='ocr_line' id='line_1_30' title="bbox 201 2282 1681 2337; baseline -0.006 -12"><span class='ocrx_word' id='word_1_235' title='bbox 201 2295 220 2325; x_wconf 99' lang='grc'>2</span> <span class='ocrx_word' id='word_1_236' title='bbox 249 2289 431 2337; x_wconf 87' lang='lat' dir='ltr'>coniugis]</span> <span class='ocrx_word' id='word_1_237' title='bbox 459 2300 583 2335; x_wconf 87' lang='lat' dir='ltr'>georg.</span> <span class='ocrx_word' id='word_1_238' title='bbox 610 2289 643 2323; x_wconf 93' lang='lat' dir='ltr'>II</span> <span class='ocrx_word' id='word_1_239' title='bbox 669 2293 737 2323; x_wconf 90' lang='grc'>326</span> <span class='ocrx_word' id='word_1_240' title='bbox 768 2289 780 2333; x_wconf 81' lang='grc' dir='ltr'>ΙΙ</span> <span class='ocrx_word' id='word_1_241' title='bbox 813 2291 854 2322; x_wconf 82' lang='grc'>17</span> <span class='ocrx_word' id='word_1_242' title='bbox 882 2286 1029 2332; x_wconf 88' lang='lat' dir='ltr'>Accius]</span> <span class='ocrx_word' id='word_1_243' title='bbox 1057 2298 1089 2321; x_wconf 87' lang='lat' dir='ltr'>v.</span> <span class='ocrx_word' id='word_1_244' title='bbox 1118 2289 1161 2320; x_wconf 87' lang='grc'>24</span> <span class='ocrx_word' id='word_1_245' title='bbox 1188 2296 1245 2329; x_wconf 91' lang='lat' dir='ltr'>ap.</span> <span class='ocrx_word' id='word_1_246' title='bbox 1272 2284 1378 2318; x_wconf 80' lang='lat' dir='ltr'>Ribb.</span> <span class='ocrx_word' id='word_1_247' title='bbox 1406 2296 1441 2328; x_wconf 87' lang='lat' dir='ltr'>p.</span> <span class='ocrx_word' id='word_1_248' title='bbox 1471 2286 1536 2317; x_wconf 89' lang='lat'>139</span> <span class='ocrx_word' id='word_1_249' title='bbox 1565 2282 1621 2317; x_wconf 87' lang='lat' dir='ltr'>ed.</span> <span class='ocrx_word' id='word_1_250' title='bbox 1648 2282 1681 2316; x_wconf 92' lang='lat' dir='ltr'>II</span> 
     </span>
    </p>
   </div>
   <div class='ocr_carea' id='block_1_5' title="bbox 103 2400 1800 3211">
    <p class='ocr_par' dir='ltr' id='par_1_12' title="bbox 103 2400 1800 3211">
     <span class='ocr_line' id='line_1_31' title="bbox 203 2400 1798 2454; baseline -0.007 -10"><span class='ocrx_word' id='word_1_251' title='bbox 203 2414 219 2444; x_wconf 93' lang='lat'>1</span> <span class='ocrx_word' id='word_1_252' title='bbox 248 2408 419 2454; x_wconf 89' lang='lat' dir='ltr'>paciendi</span> <span class='ocrx_word' id='word_1_253' title='bbox 445 2409 477 2442; x_wconf 92' lang='lat' dir='ltr'><em>L</em></span> <span class='ocrx_word' id='word_1_254' title='bbox 514 2407 682 2454; x_wconf 87' lang='lat' dir='ltr'>pariendi</span> <span class='ocrx_word' id='word_1_255' title='bbox 711 2408 758 2441; x_wconf 79' lang='lat' dir='ltr'><em>M</em></span> <span class='ocrx_word' id='word_1_256' title='bbox 774 2408 786 2451; x_wconf 79' lang='grc' dir='ltr'>ΙΙ</span> <span class='ocrx_word' id='word_1_257' title='bbox 811 2411 830 2440; x_wconf 89' lang='grc'>2</span> <span class='ocrx_word' id='word_1_258' title='bbox 858 2404 1040 2440; x_wconf 70' lang='lat' dir='ltr'>discendit</span> <span class='ocrx_word' id='word_1_259' title='bbox 1065 2405 1104 2438; x_wconf 99' lang='lat' dir='ltr'><em>F</em></span> <span class='ocrx_word' id='word_1_260' title='bbox 1125 2406 1137 2449; x_wconf 81' lang='grc' dir='ltr'>ΙΙ</span> <span class='ocrx_word' id='word_1_261' title='bbox 1163 2409 1182 2438; x_wconf 89' lang='grc'><strong>3</strong></span> <span class='ocrx_word' id='word_1_262' title='bbox 1210 2402 1438 2438; x_wconf 82' lang='lat' dir='ltr'>uocabantur</span> <span class='ocrx_word' id='word_1_263' title='bbox 1466 2401 1513 2434; x_wconf 86' lang='lat' dir='ltr'><em>M</em></span> <span class='ocrx_word' id='word_1_264' title='bbox 1530 2402 1542 2445; x_wconf 85' lang='grc' dir='ltr'>ΙΙ</span> <span class='ocrx_word' id='word_1_265' title='bbox 1566 2400 1697 2434; x_wconf 85' lang='lat' dir='ltr'>iubans</span> <span class='ocrx_word' id='word_1_266' title='bbox 1724 2401 1767 2434; x_wconf 90' lang='lat' dir='ltr'><em>H</em></span> <span class='ocrx_word' id='word_1_267' title='bbox 1788 2401 1798 2445; x_wconf 65' lang='lat' dir='ltr'>t</span> 
     </span>
     <span class='ocr_line' id='line_1_32' title="bbox 107 2447 1799 2502; baseline -0.007 -10"><span class='ocrx_word' id='word_1_268' title='bbox 107 2462 128 2492; x_wconf 89' lang='grc'>4</span> <span class='ocrx_word' id='word_1_269' title='bbox 154 2458 344 2502; x_wconf 74' lang='lat' dir='ltr'>praeesset</span> <span class='ocrx_word' id='word_1_270' title='bbox 371 2456 419 2490; x_wconf 84' lang='lat' dir='ltr'><strong><em>M</em></strong></span> <span class='ocrx_word' id='word_1_271' title='bbox 440 2457 451 2500; x_wconf 90' lang='grc' dir='ltr'>ΙΙ</span> <span class='ocrx_word' id='word_1_272' title='bbox 483 2460 502 2490; x_wconf 88' lang='grc'>6</span> <span class='ocrx_word' id='word_1_273' title='bbox 530 2455 708 2490; x_wconf 86' lang='lat' dir='ltr'>caelicola</span> <span class='ocrx_word' id='word_1_274' title='bbox 734 2455 772 2488; x_wconf 88' lang='lat' dir='ltr'><em>F</em></span> <span class='ocrx_word' id='word_1_275' title='bbox 799 2455 811 2499; x_wconf 85' lang='grc' dir='ltr'>ΙΙ</span> <span class='ocrx_word' id='word_1_276' title='bbox 844 2453 942 2499; x_wconf 86' lang='lat' dir='ltr'>mea]</span> <span class='ocrx_word' id='word_1_277' title='bbox 970 2464 992 2487; x_wconf 89' lang='lat' dir='ltr'>a</span> <span class='ocrx_word' id='word_1_278' title='bbox 1016 2453 1057 2486; x_wconf 78' lang='lat' dir='ltr'>in</span> <span class='ocrx_word' id='word_1_279' title='bbox 1081 2463 1151 2487; x_wconf 76' lang='lat' dir='ltr'>ras.</span> <span class='ocrx_word' id='word_1_280' title='bbox 1181 2452 1192 2485; x_wconf 81' lang='lat' dir='ltr'>l</span> <span class='ocrx_word' id='word_1_281' title='bbox 1219 2452 1231 2495; x_wconf 86' lang='grc' dir='ltr'>ΙΙ</span> <span class='ocrx_word' id='word_1_282' title='bbox 1262 2450 1414 2484; x_wconf 84' lang='lat' dir='ltr'>menbra</span> <span class='ocrx_word' id='word_1_283' title='bbox 1440 2448 1478 2482; x_wconf 88' lang='lat' dir='ltr'><strong><em>F</em></strong></span> <span class='ocrx_word' id='word_1_284' title='bbox 1503 2450 1515 2492; x_wconf 83' lang='grc' dir='ltr'>ΙΙ</span> <span class='ocrx_word' id='word_1_285' title='bbox 1547 2452 1565 2482; x_wconf 86' lang='grc'><strong>7</strong></span> <span class='ocrx_word' id='word_1_286' title='bbox 1593 2447 1702 2482; x_wconf 85' lang='lat' dir='ltr'>ofitiis</span> <span class='ocrx_word' id='word_1_287' title='bbox 1728 2448 1766 2481; x_wconf 88' lang='lat' dir='ltr'><strong><em>F</em></strong></span> <span class='ocrx_word' id='word_1_288' title='bbox 1796 2447 1799 2491; x_wconf 73' lang='grc' dir='ltr'>Ι</span> 
     </span>
     <span class='ocr_line' id='line_1_33' title="bbox 107 2495 1799 2549; baseline -0.007 -10"><span class='ocrx_word' id='word_1_289' title='bbox 107 2505 253 2539; x_wconf 87' lang='lat' dir='ltr'>diuersa</span> <span class='ocrx_word' id='word_1_290' title='bbox 277 2504 311 2537; x_wconf 90' lang='lat' dir='ltr'><em>L</em></span> <span class='ocrx_word' id='word_1_291' title='bbox 336 2507 367 2538; x_wconf 81' lang='lat' dir='ltr'>et</span> <span class='ocrx_word' id='word_1_292' title='bbox 392 2504 563 2549; x_wconf 73' lang='lat' dir='ltr'>mythoyr.</span> <span class='ocrx_word' id='word_1_293' title='bbox 590 2502 642 2536; x_wconf 87' lang='lat'>111</span> <span class='ocrx_word' id='word_1_294' title='bbox 660 2503 672 2547; x_wconf 84' lang='grc' dir='ltr'>ΙΙ</span> <span class='ocrx_word' id='word_1_295' title='bbox 701 2506 720 2537; x_wconf 77' lang='lat'>8</span> <span class='ocrx_word' id='word_1_296' title='bbox 749 2513 852 2536; x_wconf 84' lang='lat' dir='ltr'>sacra</span> <span class='ocrx_word' id='word_1_297' title='bbox 877 2501 986 2546; x_wconf 83' lang='lat' dir='ltr'>quae]</span> <span class='ocrx_word' id='word_1_298' title='bbox 1014 2502 1031 2533; x_wconf 71' lang='lat'>1</span> <span class='ocrx_word' id='word_1_299' title='bbox 1055 2499 1204 2538; x_wconf 77' lang='lat' dir='ltr'>incenta</span> <span class='ocrx_word' id='word_1_300' title='bbox 1229 2508 1402 2541; x_wconf 78' lang='lat' dir='ltr'>superscr.</span> <span class='ocrx_word' id='word_1_301' title='bbox 1431 2497 1472 2539; x_wconf 79' lang='grc' dir='ltr'>ΖΙ]</span> <span class='ocrx_word' id='word_1_302' title='bbox 1493 2506 1597 2530; x_wconf 87' lang='lat' dir='ltr'>sacra</span> <span class='ocrx_word' id='word_1_303' title='bbox 1623 2505 1687 2529; x_wconf 83' lang='lat' dir='ltr'>om.</span> <span class='ocrx_word' id='word_1_304' title='bbox 1717 2495 1765 2528; x_wconf 83' lang='lat' dir='ltr'><em>M</em></span> <span class='ocrx_word' id='word_1_305' title='bbox 1788 2495 1799 2539; x_wconf 69' lang='lat' dir='ltr'>l</span> 
     </span>
     <span class='ocr_line' id='line_1_34' title="bbox 108 2541 1798 2596; baseline -0.007 -9"><span class='ocrx_word' id='word_1_306' title='bbox 108 2557 128 2587; x_wconf 90' lang='grc'>9</span> <span class='ocrx_word' id='word_1_307' title='bbox 156 2553 204 2587; x_wconf 84' lang='lat' dir='ltr'>ad</span> <span class='ocrx_word' id='word_1_308' title='bbox 228 2551 402 2596; x_wconf 85' lang='lat' dir='ltr'>perficere</span> <span class='ocrx_word' id='word_1_309' title='bbox 428 2561 458 2585; x_wconf 89' lang='lat' dir='ltr'>e.</span> <span class='ocrx_word' id='word_1_310' title='bbox 486 2561 516 2586; x_wconf 84' lang='lat' dir='ltr'>a.</span> <span class='ocrx_word' id='word_1_311' title='bbox 543 2551 584 2584; x_wconf 75' lang='lat' dir='ltr'>in</span> <span class='ocrx_word' id='word_1_312' title='bbox 609 2561 720 2592; x_wconf 63' lang='lat' dir='ltr'>mam</span> <span class='ocrx_word' id='word_1_313' title='bbox 748 2549 838 2583; x_wconf 87' lang='lat' dir='ltr'>mire</span> <span class='ocrx_word' id='word_1_314' title='bbox 947 2547 1099 2582; x_wconf 84' lang='lat' dir='ltr'>exitium</span> <span class='ocrx_word' id='word_1_315' title='bbox 1132 2546 1188 2590; x_wconf 82' lang='grc' dir='ltr'>ΤΙΙ</span> <span class='ocrx_word' id='word_1_316' title='bbox 1207 2545 1313 2590; x_wconf 85' lang='lat' dir='ltr'>mire]</span> <span class='ocrx_word' id='word_1_317' title='bbox 1342 2544 1444 2578; x_wconf 89' lang='lat' dir='ltr'>unire</span> <span class='ocrx_word' id='word_1_318' title='bbox 1473 2543 1512 2577; x_wconf 92' lang='lat' dir='ltr'><em>F</em></span> <span class='ocrx_word' id='word_1_319' title='bbox 1527 2544 1538 2587; x_wconf 85' lang='grc' dir='ltr'>ΙΙ</span> <span class='ocrx_word' id='word_1_320' title='bbox 1561 2546 1601 2576; x_wconf 91' lang='grc'>10</span> <span class='ocrx_word' id='word_1_321' title='bbox 1629 2543 1677 2576; x_wconf 80' lang='lat' dir='ltr'>ad</span> <span class='ocrx_word' id='word_1_322' title='bbox 1703 2541 1798 2576; x_wconf 86' lang='lat' dir='ltr'>curis</span> 
     </span>
     <span class='ocr_line' id='line_1_35' title="bbox 107 2589 1796 2644; baseline -0.007 -10"><span class='ocrx_word' id='word_1_323' title='bbox 107 2611 205 2644; x_wconf 77' lang='lat' dir='ltr'>supr.</span> <span class='ocrx_word' id='word_1_324' title='bbox 232 2610 320 2633; x_wconf 74' lang='lat' dir='ltr'>vers.</span> <span class='ocrx_word' id='word_1_325' title='bbox 346 2598 532 2632; x_wconf 88' lang='lat' dir='ltr'>amoribus</span> <span class='ocrx_word' id='word_1_326' title='bbox 558 2597 616 2632; x_wconf 74' lang='lat' dir='ltr'>uel</span> <span class='ocrx_word' id='word_1_327' title='bbox 644 2597 696 2631; x_wconf 80' lang='lat' dir='ltr'>rei</span> <span class='ocrx_word' id='word_1_328' title='bbox 722 2597 912 2639; x_wconf 81' lang='lat' dir='ltr'>susceptae</span> <span class='ocrx_word' id='word_1_329' title='bbox 944 2595 976 2629; x_wconf 99' lang='lat' dir='ltr'><em>T</em></span> <span class='ocrx_word' id='word_1_330' title='bbox 1000 2596 1012 2639; x_wconf 83' lang='grc' dir='ltr'>ΙΙ</span> <span class='ocrx_word' id='word_1_331' title='bbox 1045 2599 1087 2629; x_wconf 93' lang='grc'>12</span> <span class='ocrx_word' id='word_1_332' title='bbox 1114 2605 1338 2632; x_wconf 70' lang='lat' dir='ltr'><strong>DARDANIQVE</strong></span> <span class='ocrx_word' id='word_1_333' title='bbox 1364 2591 1451 2625; x_wconf 88' lang='lat' dir='ltr'>NH</span> <span class='ocrx_word' id='word_1_334' title='bbox 1481 2593 1492 2635; x_wconf 81' lang='grc' dir='ltr'>ΙΙ</span> <span class='ocrx_word' id='word_1_335' title='bbox 1531 2594 1572 2624; x_wconf 87' lang='grc'>13</span> <span class='ocrx_word' id='word_1_336' title='bbox 1599 2589 1692 2623; x_wconf 86' lang='lat' dir='ltr'>bene</span> <span class='ocrx_word' id='word_1_337' title='bbox 1720 2617 1726 2623; x_wconf 90' lang='lat'><strong>.</strong></span> <span class='ocrx_word' id='word_1_338' title='bbox 1755 2618 1760 2623; x_wconf 92' lang='lat'><em>.</em></span> <span class='ocrx_word' id='word_1_339' title='bbox 1790 2616 1796 2622; x_wconf 95' lang='lat'>.</span> 
     </span>
     <span class='ocr_line' id='line_1_36' title="bbox 108 2636 1799 2690; baseline -0.007 -9"><span class='ocrx_word' id='word_1_340' title='bbox 108 2647 223 2682; x_wconf 85' lang='lat' dir='ltr'>faciat</span> <span class='ocrx_word' id='word_1_341' title='bbox 247 2647 288 2680; x_wconf 73' lang='lat' dir='ltr'>in</span> <span class='ocrx_word' id='word_1_342' title='bbox 312 2657 423 2690; x_wconf 70' lang='lat' dir='ltr'>marq.</span> <span class='ocrx_word' id='word_1_343' title='bbox 454 2645 485 2679; x_wconf 91' lang='lat' dir='ltr'><em>T</em></span> <span class='ocrx_word' id='word_1_344' title='bbox 502 2646 514 2690; x_wconf 83' lang='grc' dir='ltr'>ΙΙ</span> <span class='ocrx_word' id='word_1_345' title='bbox 534 2644 773 2690; x_wconf 77' lang='lat' dir='ltr'>suspitionem</span> <span class='ocrx_word' id='word_1_346' title='bbox 802 2643 840 2677; x_wconf 89' lang='lat' dir='ltr'><strong><em>F</em></strong></span> <span class='ocrx_word' id='word_1_347' title='bbox 855 2644 867 2687; x_wconf 81' lang='grc' dir='ltr'>ΙΙ</span> <span class='ocrx_word' id='word_1_348' title='bbox 896 2644 943 2677; x_wconf 72' lang='lat' dir='ltr'>acl</span> <span class='ocrx_word' id='word_1_349' title='bbox 972 2642 1184 2687; x_wconf 84' lang='lat' dir='ltr'>permittere</span> <span class='ocrx_word' id='word_1_350' title='bbox 1210 2641 1244 2675; x_wconf 89' lang='lat' dir='ltr'>fl.</span> <span class='ocrx_word' id='word_1_351' title='bbox 1271 2650 1369 2684; x_wconf 76' lang='lat' dir='ltr'>supr.</span> <span class='ocrx_word' id='word_1_352' title='bbox 1397 2650 1483 2674; x_wconf 70' lang='lat' dir='ltr'>vers.</span> <span class='ocrx_word' id='word_1_353' title='bbox 1510 2636 1704 2671; x_wconf 83' lang='lat' dir='ltr'>incendere</span> <span class='ocrx_word' id='word_1_354' title='bbox 1734 2636 1766 2669; x_wconf 90' lang='lat' dir='ltr'><em>T</em></span> <span class='ocrx_word' id='word_1_355' title='bbox 1789 2636 1799 2680; x_wconf 69' lang='grc' dir='ltr'>Η</span> 
     </span>
     <span class='ocr_line' id='line_1_37' title="bbox 111 2684 1797 2738; baseline -0.007 -10"><span class='ocrx_word' id='word_1_356' title='bbox 111 2699 154 2729; x_wconf 81' lang='lat'>15</span> <span class='ocrx_word' id='word_1_357' title='bbox 172 2706 279 2728; x_wconf 70' lang='lat' dir='ltr'>ANAm</span> <span class='ocrx_word' id='word_1_358' title='bbox 301 2693 340 2727; x_wconf 88' lang='lat' dir='ltr'><em>F</em></span> <span class='ocrx_word' id='word_1_359' title='bbox 368 2706 498 2734; x_wconf 56' lang='lat' dir='ltr'>Arnum</span> <span class='ocrx_word' id='word_1_360' title='bbox 520 2693 589 2736; x_wconf 70' lang='lat'>1111</span> <span class='ocrx_word' id='word_1_361' title='bbox 608 2692 690 2738; x_wconf 80' lang='lat' dir='ltr'>pro]</span> <span class='ocrx_word' id='word_1_362' title='bbox 718 2702 782 2736; x_wconf 84' lang='lat' dir='ltr'>per</span> <span class='ocrx_word' id='word_1_363' title='bbox 803 2691 841 2724; x_wconf 87' lang='lat' dir='ltr'><em>F</em></span> <span class='ocrx_word' id='word_1_364' title='bbox 857 2691 869 2735; x_wconf 85' lang='grc' dir='ltr'>ΙΙ</span> <span class='ocrx_word' id='word_1_365' title='bbox 899 2694 940 2725; x_wconf 84' lang='grc'>16</span> <span class='ocrx_word' id='word_1_366' title='bbox 968 2691 1016 2725; x_wconf 72' lang='lat' dir='ltr'>ad</span> <span class='ocrx_word' id='word_1_367' title='bbox 1042 2689 1166 2724; x_wconf 88' lang='lat' dir='ltr'>studio</span> <span class='ocrx_word' id='word_1_368' title='bbox 1193 2687 1281 2722; x_wconf 79' lang='lat' dir='ltr'>anili</span> <span class='ocrx_word' id='word_1_369' title='bbox 1307 2688 1347 2721; x_wconf 75' lang='lat' dir='ltr'>in</span> <span class='ocrx_word' id='word_1_370' title='bbox 1372 2697 1485 2730; x_wconf 59' lang='grc' dir='ltr'>τηαν-9.</span> <span class='ocrx_word' id='word_1_371' title='bbox 1513 2696 1578 2729; x_wconf 88' lang='lat' dir='ltr'>pro</span> <span class='ocrx_word' id='word_1_372' title='bbox 1605 2684 1797 2718; x_wconf 78' lang='lat' dir='ltr'>uoluntate</span> 
     </span>
     <span class='ocr_line' id='line_1_38' title="bbox 109 2730 1800 2785; baseline -0.008 -9"><span class='ocrx_word' id='word_1_373' title='bbox 109 2741 333 2785; x_wconf 86' lang='lat' dir='ltr'>obsequendi</span> <span class='ocrx_word' id='word_1_374' title='bbox 432 2740 634 2775; x_wconf 87' lang='lat' dir='ltr'>accelerate</span> <span class='ocrx_word' id='word_1_375' title='bbox 655 2740 732 2782; x_wconf 80' lang='lat' dir='ltr'>(sic)</span> <span class='ocrx_word' id='word_1_376' title='bbox 759 2750 846 2782; x_wconf 72' lang='lat' dir='ltr'>ergo</span> <span class='ocrx_word' id='word_1_377' title='bbox 873 2737 1084 2772; x_wconf 81' lang='lat' dir='ltr'>celebrabat</span> <span class='ocrx_word' id='word_1_378' title='bbox 1110 2735 1328 2771; x_wconf 66' lang='lat' dir='ltr'>strenuitate</span> <span class='ocrx_word' id='word_1_379' title='bbox 1355 2733 1516 2778; x_wconf 80' lang='lat' dir='ltr'>quadam</span> <span class='ocrx_word' id='word_1_380' title='bbox 1541 2730 1800 2776; x_wconf 70' lang='lat' dir='ltr'>frequentabat</span> 
     </span>
     <span class='ocr_line' id='line_1_39' title="bbox 109 2777 1798 2832; baseline -0.007 -9"><span class='ocrx_word' id='word_1_381' title='bbox 109 2790 148 2824; x_wconf 88' lang='lat' dir='ltr'>et</span> <span class='ocrx_word' id='word_1_382' title='bbox 171 2788 369 2823; x_wconf 81' lang='lat' dir='ltr'>uelocitate</span> <span class='ocrx_word' id='word_1_383' title='bbox 398 2787 430 2821; x_wconf 90' lang='lat' dir='ltr'><em>T</em></span> <span class='ocrx_word' id='word_1_384' title='bbox 456 2788 468 2832; x_wconf 73' lang='lat' dir='ltr'>n</span> <span class='ocrx_word' id='word_1_385' title='bbox 500 2798 564 2831; x_wconf 85' lang='lat' dir='ltr'>pro</span> <span class='ocrx_word' id='word_1_386' title='bbox 591 2790 672 2821; x_wconf 78' lang='lat' dir='ltr'>ante</span> <span class='ocrx_word' id='word_1_387' title='bbox 697 2786 887 2820; x_wconf 82' lang='lat' dir='ltr'>voluntate</span> <span class='ocrx_word' id='word_1_388' title='bbox 914 2796 977 2820; x_wconf 80' lang='lat' dir='ltr'>om.</span> <span class='ocrx_word' id='word_1_389' title='bbox 1007 2784 1046 2819; x_wconf 90' lang='lat' dir='ltr'><em>F</em></span> <span class='ocrx_word' id='word_1_390' title='bbox 1073 2786 1085 2828; x_wconf 91' lang='grc' dir='ltr'>ΙΙ</span> <span class='ocrx_word' id='word_1_391' title='bbox 1118 2788 1157 2818; x_wconf 85' lang='grc'>17</span> <span class='ocrx_word' id='word_1_392' title='bbox 1187 2782 1308 2817; x_wconf 84' lang='lat' dir='ltr'>accius</span> <span class='ocrx_word' id='word_1_393' title='bbox 1338 2782 1369 2814; x_wconf 84' lang='lat' dir='ltr'><em>T</em></span> <span class='ocrx_word' id='word_1_394' title='bbox 1375 2795 1384 2814; x_wconf 90' lang='lat'><em>:</em></span> <span class='ocrx_word' id='word_1_395' title='bbox 1411 2780 1528 2815; x_wconf 80' lang='lat' dir='ltr'>actius</span> <span class='ocrx_word' id='word_1_396' title='bbox 1556 2779 1595 2813; x_wconf 88' lang='lat' dir='ltr'><em>F</em></span> <span class='ocrx_word' id='word_1_397' title='bbox 1624 2779 1636 2822; x_wconf 86' lang='grc' dir='ltr'>ΙΙ</span> <span class='ocrx_word' id='word_1_398' title='bbox 1667 2777 1798 2812; x_wconf 87' lang='lat' dir='ltr'>Accius</span> 
     </span>
     <span class='ocr_line' id='line_1_40' title="bbox 110 2825 1799 2880; baseline -0.007 -10"><span class='ocrx_word' id='word_1_399' title='bbox 110 2835 245 2880; x_wconf 84' lang='lat' dir='ltr'>celebri</span> <span class='ocrx_word' id='word_1_400' title='bbox 271 2835 387 2880; x_wconf 86' lang='lat' dir='ltr'>gradu</span> <span class='ocrx_word' id='word_1_401' title='bbox 413 2846 576 2880; x_wconf 85' lang='lat' dir='ltr'>gressum</span> <span class='ocrx_word' id='word_1_402' title='bbox 603 2834 806 2868; x_wconf 81' lang='lat' dir='ltr'>accelerate</span> <span class='ocrx_word' id='word_1_403' title='bbox 832 2833 911 2867; x_wconf 79' lang='lat' dir='ltr'>hab.</span> <span class='ocrx_word' id='word_1_404' title='bbox 939 2833 1101 2866; x_wconf 80' lang='lat' dir='ltr'>Ambros.</span> <span class='ocrx_word' id='word_1_405' title='bbox 1122 2832 1134 2875; x_wconf 79' lang='grc' dir='ltr'>ΙΙ</span> <span class='ocrx_word' id='word_1_406' title='bbox 1162 2834 1203 2865; x_wconf 85' lang='grc'>18</span> <span class='ocrx_word' id='word_1_407' title='bbox 1231 2828 1367 2864; x_wconf 86' lang='lat' dir='ltr'>celebri</span> <span class='ocrx_word' id='word_1_408' title='bbox 1398 2828 1441 2861; x_wconf 92' lang='lat' dir='ltr'>T:</span> <span class='ocrx_word' id='word_1_409' title='bbox 1468 2826 1645 2862; x_wconf 85' lang='lat' dir='ltr'>celebrari</span> <span class='ocrx_word' id='word_1_410' title='bbox 1673 2825 1711 2859; x_wconf 98' lang='lat' dir='ltr'><em>F</em></span> <span class='ocrx_word' id='word_1_411' title='bbox 1743 2836 1799 2859; x_wconf 89' lang='lat' dir='ltr'>ce-</span> 
     </span>
     <span class='ocr_line' id='line_1_41' title="bbox 108 2873 1799 2926; baseline -0.008 -8"><span class='ocrx_word' id='word_1_412' title='bbox 108 2883 177 2918; x_wconf 84' lang='lat' dir='ltr'>leri</span> <span class='ocrx_word' id='word_1_413' title='bbox 207 2883 444 2918; x_wconf 75' lang='lat' dir='ltr'>Commelz&#39;nus</span> <span class='ocrx_word' id='word_1_414' title='bbox 462 2882 608 2926; x_wconf 73' lang='lat' dir='ltr'>primus</span> <span class='ocrx_word' id='word_1_415' title='bbox 627 2883 638 2925; x_wconf 84' lang='grc' dir='ltr'>ΙΙ</span> <span class='ocrx_word' id='word_1_416' title='bbox 667 2881 873 2915; x_wconf 87' lang='lat' dir='ltr'>adcelerate</span> <span class='ocrx_word' id='word_1_417' title='bbox 901 2880 953 2914; x_wconf 91' lang='lat' dir='ltr'><em>F:</em></span> <span class='ocrx_word' id='word_1_418' title='bbox 979 2879 1181 2914; x_wconf 83' lang='lat' dir='ltr'>accelerate</span> <span class='ocrx_word' id='word_1_419' title='bbox 1213 2878 1243 2910; x_wconf 88' lang='lat' dir='ltr'><em>T</em></span> <span class='ocrx_word' id='word_1_420' title='bbox 1279 2876 1506 2910; x_wconf 85' lang='lat' dir='ltr'>adcelerasse</span> <span class='ocrx_word' id='word_1_421' title='bbox 1533 2874 1638 2908; x_wconf 83' lang='lat' dir='ltr'>decet</span> <span class='ocrx_word' id='word_1_422' title='bbox 1663 2873 1799 2906; x_wconf 77' lang='lat' dir='ltr'>Daniel</span> 
     </span>
     <span class='ocr_line' id='line_1_42' title="bbox 103 2919 1799 2974; baseline -0.007 -9"><span class='ocrx_word' id='word_1_423' title='bbox 103 2932 250 2974; x_wconf 73' lang='lat' dir='ltr'>primus</span> <span class='ocrx_word' id='word_1_424' title='bbox 275 2941 291 2964; x_wconf 86' lang='lat' dir='ltr'>e</span> <span class='ocrx_word' id='word_1_425' title='bbox 316 2930 439 2964; x_wconf 70' lang='lat' dir='ltr'>Nonio</span> <span class='ocrx_word' id='word_1_426' title='bbox 459 2941 497 2974; x_wconf 78' lang='lat' dir='ltr'>p.</span> <span class='ocrx_word' id='word_1_427' title='bbox 526 2932 569 2964; x_wconf 84' lang='lat'>89</span> <span class='ocrx_word' id='word_1_428' title='bbox 599 2929 653 2962; x_wconf 82' lang='lat' dir='ltr'>M.</span> <span class='ocrx_word' id='word_1_429' title='bbox 679 2923 691 2972; x_wconf 75' lang='lat' dir='ltr'>l]</span> <span class='ocrx_word' id='word_1_430' title='bbox 722 2932 763 2962; x_wconf 87' lang='grc'>19</span> <span class='ocrx_word' id='word_1_431' title='bbox 791 2927 882 2961; x_wconf 87' lang='lat' dir='ltr'>nihil</span> <span class='ocrx_word' id='word_1_432' title='bbox 908 2927 1066 2961; x_wconf 79' lang='lat' dir='ltr'>timebat</span> <span class='ocrx_word' id='word_1_433' title='bbox 1090 2926 1173 2960; x_wconf 84' lang='lat' dir='ltr'>ideo</span> <span class='ocrx_word' id='word_1_434' title='bbox 1201 2926 1322 2959; x_wconf 81' lang='lat' dir='ltr'>autem</span> <span class='ocrx_word' id='word_1_435' title='bbox 1349 2922 1484 2957; x_wconf 84' lang='lat' dir='ltr'>festina</span> <span class='ocrx_word' id='word_1_436' title='bbox 1511 2950 1517 2956; x_wconf 93' lang='lat'>.</span> <span class='ocrx_word' id='word_1_437' title='bbox 1547 2949 1553 2954; x_wconf 90' lang='lat'><strong>.</strong></span> <span class='ocrx_word' id='word_1_438' title='bbox 1581 2950 1587 2956; x_wconf 92' lang='lat'>.</span> <span class='ocrx_word' id='word_1_439' title='bbox 1615 2920 1701 2954; x_wconf 86' lang='lat' dir='ltr'>data</span> <span class='ocrx_word' id='word_1_440' title='bbox 1727 2919 1766 2953; x_wconf 93' lang='lat' dir='ltr'><em>F</em></span> <span class='ocrx_word' id='word_1_441' title='bbox 1788 2920 1799 2962; x_wconf 70' lang='lat' dir='ltr'>&#39;j</span> 
     </span>
     <span class='ocr_line' id='line_1_43' title="bbox 111 2966 1796 3022; baseline -0.008 -10"><span class='ocrx_word' id='word_1_442' title='bbox 111 2981 155 3012; x_wconf 89' lang='grc'>20</span> <span class='ocrx_word' id='word_1_443' title='bbox 181 2978 230 3012; x_wconf 80' lang='lat' dir='ltr'>ad</span> <span class='ocrx_word' id='word_1_444' title='bbox 254 2977 400 3022; x_wconf 84' lang='lat' dir='ltr'>trepida</span> <span class='ocrx_word' id='word_1_445' title='bbox 416 2988 522 3020; x_wconf 71' lang='lat' dir='ltr'>supr.</span> <span class='ocrx_word' id='word_1_446' title='bbox 550 2987 637 3011; x_wconf 82' lang='lat' dir='ltr'>vers.</span> <span class='ocrx_word' id='word_1_447' title='bbox 665 2975 797 3010; x_wconf 82' lang='lat' dir='ltr'>festina</span> <span class='ocrx_word' id='word_1_448' title='bbox 825 2986 867 3008; x_wconf 86' lang='lat' dir='ltr'>ex</span> <span class='ocrx_word' id='word_1_449' title='bbox 894 2974 1064 3009; x_wconf 86' lang='lat' dir='ltr'>ocasione</span> <span class='ocrx_word' id='word_1_450' title='bbox 1090 2973 1151 3007; x_wconf 85' lang='lat' dir='ltr'>uix</span> <span class='ocrx_word' id='word_1_451' title='bbox 1177 2972 1264 3006; x_wconf 77' lang='lat' dir='ltr'>data</span> <span class='ocrx_word' id='word_1_452' title='bbox 1295 2971 1326 3004; x_wconf 87' lang='lat' dir='ltr'><em>T</em></span> <span class='ocrx_word' id='word_1_453' title='bbox 1351 2971 1363 3014; x_wconf 69' lang='grc' dir='ltr'>ΙΙ</span> <span class='ocrx_word' id='word_1_454' title='bbox 1400 2973 1441 3003; x_wconf 89' lang='grc'>21</span> <span class='ocrx_word' id='word_1_455' title='bbox 1470 2968 1594 3012; x_wconf 85' lang='lat' dir='ltr'>effera]</span> <span class='ocrx_word' id='word_1_456' title='bbox 1631 2967 1724 3002; x_wconf 81' lang='lat' dir='ltr'>estra</span> <span class='ocrx_word' id='word_1_457' title='bbox 1751 2966 1796 3000; x_wconf 88' lang='lat' dir='ltr'><em>F.</em></span> 
     </span>
     <span class='ocr_line' id='line_1_44' title="bbox 109 3014 1798 3065; baseline -0.007 -7"><span class='ocrx_word' id='word_1_458' title='bbox 109 3025 188 3060; x_wconf 87' lang='lat' dir='ltr'>fera</span> <span class='ocrx_word' id='word_1_459' title='bbox 213 3024 322 3059; x_wconf 86' lang='lat' dir='ltr'>nimis</span> <span class='ocrx_word' id='word_1_460' title='bbox 348 3024 426 3058; x_wconf 88' lang='lat' dir='ltr'>fera</span> <span class='ocrx_word' id='word_1_461' title='bbox 452 3027 534 3059; x_wconf 75' lang='lat' dir='ltr'>ante</span> <span class='ocrx_word' id='word_1_462' title='bbox 559 3023 695 3057; x_wconf 84' lang='lat' dir='ltr'>furiata</span> <span class='ocrx_word' id='word_1_463' title='bbox 719 3022 872 3056; x_wconf 71' lang='lat' dir='ltr'>inseruit</span> <span class='ocrx_word' id='word_1_464' title='bbox 893 3022 1028 3056; x_wconf 74' lang='lat' dir='ltr'>Daniel</span> <span class='ocrx_word' id='word_1_465' title='bbox 1046 3022 1058 3065; x_wconf 84' lang='grc' dir='ltr'>ΙΙ</span> <span class='ocrx_word' id='word_1_466' title='bbox 1077 3021 1125 3055; x_wconf 81' lang='lat' dir='ltr'>ad</span> <span class='ocrx_word' id='word_1_467' title='bbox 1151 3020 1262 3055; x_wconf 84' lang='lat' dir='ltr'>effera</span> <span class='ocrx_word' id='word_1_468' title='bbox 1280 3029 1379 3061; x_wconf 73' lang='lat' dir='ltr'>supr.</span> <span class='ocrx_word' id='word_1_469' title='bbox 1401 3028 1487 3050; x_wconf 72' lang='lat' dir='ltr'>vers.</span> <span class='ocrx_word' id='word_1_470' title='bbox 1508 3015 1617 3049; x_wconf 88' lang='lat' dir='ltr'>nimis</span> <span class='ocrx_word' id='word_1_471' title='bbox 1640 3014 1718 3049; x_wconf 83' lang='lat' dir='ltr'>fera</span> <span class='ocrx_word' id='word_1_472' title='bbox 1743 3014 1773 3047; x_wconf 91' lang='lat' dir='ltr'><em>T</em></span> <span class='ocrx_word' id='word_1_473' title='bbox 1788 3014 1798 3058; x_wconf 78' lang='grc'>11</span> 
     </span>
     <span class='ocr_line' id='line_1_45' title="bbox 111 3061 1797 3112; baseline -0.007 -6"><span class='ocrx_word' id='word_1_474' title='bbox 111 3076 154 3106; x_wconf 88' lang='grc'>22</span> <span class='ocrx_word' id='word_1_475' title='bbox 187 3072 322 3107; x_wconf 80' lang='lat' dir='ltr'>scholia</span> <span class='ocrx_word' id='word_1_476' title='bbox 353 3072 402 3106; x_wconf 80' lang='lat' dir='ltr'>ad</span> <span class='ocrx_word' id='word_1_477' title='bbox 433 3083 463 3107; x_wconf 81' lang='lat' dir='ltr'>v.</span> <span class='ocrx_word' id='word_1_478' title='bbox 491 3075 558 3106; x_wconf 85' lang='lat'>643</span> <span class='ocrx_word' id='word_1_479' title='bbox 585 3074 615 3104; x_wconf 79' lang='lat' dir='ltr'>et</span> <span class='ocrx_word' id='word_1_480' title='bbox 648 3070 695 3104; x_wconf 76' lang='lat' dir='ltr'>ad</span> <span class='ocrx_word' id='word_1_481' title='bbox 728 3068 953 3112; x_wconf 82' lang='lat' dir='ltr'>maculisque</span> <span class='ocrx_word' id='word_1_482' title='bbox 985 3071 1011 3103; x_wconf 87' lang='lat' dir='ltr'>t.</span> <span class='ocrx_word' id='word_1_483' title='bbox 1037 3068 1059 3102; x_wconf 89' lang='lat' dir='ltr'>i.</span> <span class='ocrx_word' id='word_1_484' title='bbox 1087 3080 1120 3112; x_wconf 89' lang='lat' dir='ltr'>g.</span> <span class='ocrx_word' id='word_1_485' title='bbox 1147 3078 1245 3110; x_wconf 75' lang='lat' dir='ltr'>supr.</span> <span class='ocrx_word' id='word_1_486' title='bbox 1275 3076 1359 3099; x_wconf 69' lang='lat' dir='ltr'>vers.</span> <span class='ocrx_word' id='word_1_487' title='bbox 1387 3064 1466 3098; x_wconf 80' lang='lat' dir='ltr'>hab.</span> <span class='ocrx_word' id='word_1_488' title='bbox 1498 3063 1530 3096; x_wconf 92' lang='lat' dir='ltr'><em>T</em></span> <span class='ocrx_word' id='word_1_489' title='bbox 1555 3063 1567 3106; x_wconf 78' lang='grc' dir='ltr'>ΙΙ</span> <span class='ocrx_word' id='word_1_490' title='bbox 1604 3061 1695 3096; x_wconf 87' lang='lat' dir='ltr'>mori</span> <span class='ocrx_word' id='word_1_491' title='bbox 1721 3061 1759 3095; x_wconf 88' lang='lat' dir='ltr'><em>F</em></span> <span class='ocrx_word' id='word_1_492' title='bbox 1794 3066 1797 3104; x_wconf 74' lang='grc' dir='ltr'>ζ</span> 
     </span>
     <span class='ocr_line' id='line_1_46' title="bbox 111 3108 1789 3163; baseline -0.008 -9"><span class='ocrx_word' id='word_1_493' title='bbox 111 3123 154 3154; x_wconf 83' lang='grc'>23</span> <span class='ocrx_word' id='word_1_494' title='bbox 182 3120 219 3154; x_wconf 88' lang='lat' dir='ltr'>et</span> <span class='ocrx_word' id='word_1_495' title='bbox 243 3129 333 3154; x_wconf 88' lang='lat' dir='ltr'>uoce</span> <span class='ocrx_word' id='word_1_496' title='bbox 363 3119 395 3153; x_wconf 94' lang='lat' dir='ltr'><em>T</em></span> <span class='ocrx_word' id='word_1_497' title='bbox 414 3120 425 3163; x_wconf 84' lang='grc' dir='ltr'>ΙΙ</span> <span class='ocrx_word' id='word_1_498' title='bbox 450 3122 493 3153; x_wconf 87' lang='grc'>26</span> <span class='ocrx_word' id='word_1_499' title='bbox 520 3117 701 3162; x_wconf 89' lang='lat' dir='ltr'>homines]</span> <span class='ocrx_word' id='word_1_500' title='bbox 729 3127 851 3151; x_wconf 87' lang='lat' dir='ltr'>omnes</span> <span class='ocrx_word' id='word_1_501' title='bbox 877 3116 916 3150; x_wconf 89' lang='lat' dir='ltr'><em>F</em></span> <span class='ocrx_word' id='word_1_502' title='bbox 937 3117 949 3161; x_wconf 83' lang='grc' dir='ltr'>ΙΙ</span> <span class='ocrx_word' id='word_1_503' title='bbox 974 3114 1121 3150; x_wconf 86' lang='lat' dir='ltr'>homine</span> <span class='ocrx_word' id='word_1_504' title='bbox 1148 3113 1232 3147; x_wconf 84' lang='lat' dir='ltr'>LII</span> <span class='ocrx_word' id='word_1_505' title='bbox 1253 3111 1389 3157; x_wconf 88' lang='lat' dir='ltr'>(omine</span> <span class='ocrx_word' id='word_1_506' title='bbox 1417 3112 1472 3155; x_wconf 56' lang='lat'>1³11</span> <span class='ocrx_word' id='word_1_507' title='bbox 1503 3114 1545 3144; x_wconf 79' lang='grc'>27</span> <span class='ocrx_word' id='word_1_508' title='bbox 1574 3109 1695 3143; x_wconf 85' lang='lat' dir='ltr'>futuro</span> <span class='ocrx_word' id='word_1_509' title='bbox 1724 3108 1762 3142; x_wconf 90' lang='lat' dir='ltr'><em>H</em></span> <span class='ocrx_word' id='word_1_510' title='bbox 1787 3108 1789 3116; x_wconf 75' lang='lat'><em>²</em></span> 
     </span>
     <span class='ocr_line' id='line_1_47' title="bbox 112 3155 1800 3211; baseline -0.007 -10"><span class='ocrx_word' id='word_1_511' title='bbox 112 3167 160 3201; x_wconf 82' lang='lat' dir='ltr'>ad</span> <span class='ocrx_word' id='word_1_512' title='bbox 183 3165 325 3211; x_wconf 86' lang='lat' dir='ltr'>pallida</span> <span class='ocrx_word' id='word_1_513' title='bbox 349 3177 447 3211; x_wconf 79' lang='lat' dir='ltr'>supr.</span> <span class='ocrx_word' id='word_1_514' title='bbox 475 3176 561 3202; x_wconf 77' lang='lat' dir='ltr'>vers.</span> <span class='ocrx_word' id='word_1_515' title='bbox 589 3163 814 3200; x_wconf 86' lang='lat' dir='ltr'>conscientia</span> <span class='ocrx_word' id='word_1_516' title='bbox 839 3164 966 3198; x_wconf 84' lang='lat' dir='ltr'>mortis</span> <span class='ocrx_word' id='word_1_517' title='bbox 991 3162 1136 3197; x_wconf 84' lang='lat' dir='ltr'>futurae</span> <span class='ocrx_word' id='word_1_518' title='bbox 1168 3161 1200 3195; x_wconf 93' lang='lat' dir='ltr'><em>T</em></span> <span class='ocrx_word' id='word_1_519' title='bbox 1213 3161 1225 3204; x_wconf 79' lang='grc' dir='ltr'>ΙΙ</span> <span class='ocrx_word' id='word_1_520' title='bbox 1244 3158 1379 3204; x_wconf 86' lang='lat' dir='ltr'>pallide</span> <span class='ocrx_word' id='word_1_521' title='bbox 1409 3158 1446 3191; x_wconf 88' lang='lat' dir='ltr'><em>F</em></span> <span class='ocrx_word' id='word_1_522' title='bbox 1461 3158 1474 3201; x_wconf 83' lang='grc' dir='ltr'>ΙΙ</span> <span class='ocrx_word' id='word_1_523' title='bbox 1494 3155 1734 3192; x_wconf 81' lang='lat' dir='ltr'>constientiae</span> <span class='ocrx_word' id='word_1_524' title='bbox 1762 3156 1800 3189; x_wconf 90' lang='lat' dir='ltr'><em>F</em></span> 
     </span>
    </p>
   </div>
   <div class='ocr_carea' id='block_1_6' title="bbox 1829 950 1869 980">
    <p class='ocr_par' dir='ltr' id='par_1_13' title="bbox 1829 950 1869 980">
     <span class='ocr_line' id='line_1_48' title="bbox 1829 950 1869 980; baseline 0.025 -1"><span class='ocrx_word' id='word_1_525' title='bbox 1829 950 1869 980; x_wconf 91' lang='grc'>10</span> 
     </span>
    </p>
   </div>
   <div class='ocr_carea' id='block_1_7' title="bbox 1826 1305 1867 1334">
    <p class='ocr_par' dir='ltr' id='par_1_14' title="bbox 1826 1305 1867 1334">
     <span class='ocr_line' id='line_1_49' title="bbox 1826 1305 1867 1334; baseline 0 0"><span class='ocrx_word' id='word_1_526' title='bbox 1826 1305 1867 1334; x_wconf 84' lang='grc'>15</span> 
     </span>
    </p>
   </div>
  </div>
 </body>
</html>
